2508 4022
1092 246 1409 300 ...22-

211 390 346 428 nere
380 371 815 443 decomposita,
847 370 1024 426 ramis
1062 370 1140 426 ob
1184 371 1394 444 pinnas
1435 387 1631 425 versus
1656 370 2296 445 apicemlongitudine

212 468 607 525 decrescentes
629 467 1184 543 circumscriptione
1205 465 1686 542 triangularibus
1716 466 1758 521 F
1761 485 1947 524 ormae
1965 467 2156 525 allatae
2175 490 2296 527 non

206 567 316 623 nisi
342 574 520 620 >aetate
558 565 800 627 diversae
835 565 984 627 mihi
1023 565 1327 632 videntur3
1367 562 1600 638 juniore
1632 574 1803 622 aetate
1846 565 2006 622 frons
2040 566 2300 625 distiche

207 664 483 738 pinnata,
509 663 705 737 pinnis
739 664 902 725 novis
936 674 1140 725 autem
1182 663 1468 726 continuo
1505 662 1993 739 provenientibus
2033 665 2298 742 denique

208 761 479 837 undique
504 781 736 819 ramosa
758 763 973 819 evadit.

774 988 895 1024 x111.
943 968 1172 1030 ComuM
1204 968 1326 1045 Ag.
1351 987 1438 1044 sp.
1462 989 1523 1045 p.
1555 967 1693 1036 451.

205 1136 297 1194 56.
346 1141 408 1195 C.
431 1135 755 1194 adhaerens
779 1137 904 1214 Ag.
934 1156 1022 1213 sp.
1048 1157 1106 1214 p.
1135 1136 1272 1214 457.

271 1254 398 1303 Hah.
425 1256 485 1302 ad
509 1271 653 1320 rupes
678 1272 703 1302 a
733 1256 840 1302 luce
880 1254 1209 1312 absconditas,
1237 1256 1360 1302 infra
1396 1255 1607 1302 limitem
1643 1257 1790 1302 marIs
1821 1254 2222 1315 vehementioris,
2254 1257 2302 1303 in

203 1339 451 1388 Adriatico
485 1355 638 1404 prope
656 1342 947 1403 Tergestum
970 1339 1226 1386 Biasoletto
1251 1338 1263 1384 l
1293 1341 1341 1386 in
1370 1340 1728 1387 Mediterraneo
1752 1357 1775 1386 a
1800 1340 2013 1388 Massilia
2050 1357 2205 1404 usque
2244 1343 2304 1388 ad

203 1425 433 1473 Pozzuoli
458 1428 595 1489 regni
626 1426 932 1490 Neapolitani
959 1425 1070 1488 legi.

285 1530 462 1588 Initio
502 1533 622 1588 fere
674 1529 1026 1587 umbilicata
1048 1574 1062 1600 ,
1121 1529 1396 1584 inferiore
1440 1528 1618 1585 latere
1671 1529 1930 1604 rupibus
1986 1532 2308 1588 arctissime

203 1627 536 1696 adhaerens,
558 1629 811 1686 obscure
835 1628 1170 1685 atroviridis
1191 1627 1452 1704 pilisque
1476 1627 1664 1704 longis
1688 1628 2125 1686 albescentibus
2146 1640 2308 1686 extra

203 1726 584 1804 superficiem
618 1728 803 1803 ipsius
849 1727 1069 1803 plantae
1105 1725 1590 1801 prominentibus
1614 1758 1697 1770 --
1739 1737 1923 1803 caput
1945 1727 2171 1785 diceres
2194 1727 2312 1784 Me-

202 1827 716 1884 clusae—maxime
735 1826 990 1896 lubrica,
1017 1836 1074 1882 et
1101 1834 1346 1899 arreptu
1370 1825 1752 1894 difficillima3
1779 1826 2033 1883 sinubus
2051 1828 2207 1883 varie
2226 1827 2313 1883 di-

205 1927 325 1983 visa
345 1937 403 1982 et
424 1926 823 2002 irregulariter
846 1925 1392 1999 bullato-expansa,
1409 1924 1639 1981 laciniae
1665 1925 1880 1982 sensim
1905 1936 2311 2001 segregantur,

206 2024 604 2081 extremitates
629 2046 662 2080 a
689 2023 946 2099 rupibus
992 2023 1126 2099 plus
1159 2024 1358 2080 minus
1396 2023 1715 2081 solvuntur
1735 2069 1748 2093 ,
1802 2023 2087 2080 deorsum
2119 2024 2312 2081 invol-

203 2133 431 2182 vuntur
452 2132 510 2179 et
529 2122 855 2199 aliquando
894 2124 973 2179 ita
1003 2122 1340 2199 cylindricae
1379 2133 1692 2199 apparent,
1732 2143 1867 2179 cum
1894 2122 2212 2182 frondibus
2248 2128 2312 2182 Cu

205 2225 517 2280 tomentosi
548 2233 748 2279 tamen
769 2242 1113 2298 numquam
1140 2221 1611 2278 commutandae.

207 2340 301 2417 57.
352 2341 418 2397 C.
441 2346 641 2397 Bursa
664 2340 789 2418 Ag.
823 2358 911 2416 sp.
937 2359 999 2424 p.
1033 2339 1166 2414 457.

272 2459 402 2516 Ηεὼ,
429 2459 489 2512 ad
516 2458 699 2523 lapides
733 2459 808 2504 vel
846 2459 1136 2521 plerumque
1180 2458 1237 2505 ad
1272 2457 1498 2504 caudices
1536 2463 1789 2502 emortuos
1839 2456 2115 2502 Posidouiae
2154 2456 2203 2501 in
2237 2456 2306 2500 si-

206 2544 367 2591 nubus
394 2544 813 2607 tranquillioribus
840 2543 1106 2599 sabulosis;
1139 2542 1196 2588 ad
1223 2544 1509 2603 Tergestum
1536 2537 1821 2587 Biasoletcol
1853 2557 1877 2586 a
1902 2542 2041 2587 Cette
2065 2555 2216 2607 usque
2251 2540 2311 2585 ad

208 2629 438 2677 Pozzuoli
463 2631 512 2677 in
538 2630 894 2676 mediterraneo
919 2628 1030 2691 legi.

287 2734 473 2792 Frons
508 2754 711 2790 recens
753 2754 784 2788 e
830 2734 975 2789 mari
1000 2741 1303 2806 protracta
1340 2740 1426 2787 est
1466 2730 2026 2806 depresso-globosa
2051 2774 2064 2800 ,
2113 2728 2266 2785 dura
2293 2773 2309 2797 ‚

207 2834 627 2898 atrovirescens
645 2877 659 2901 ,
683 2834 843 2888 intus
865 2851 1004 2888 cava
1024 2875 1037 2900 ,
1064 2840 1124 2886 at
1148 2827 1261 2885 filis
1293 2830 1352 2883 in
1377 2828 1566 2884 nodos
1603 2830 1759 2883 varie
1788 2828 2049 2884 collectis
2075 2827 2314 2884 denuo-

210 2950 329 3006 que
375 2931 641 2987 discretis
691 2930 963 3004 undique
1011 2946 1312 3003 percursa.
1363 2925 1688 2981 Filamenta
1735 2926 1860 2982 haec
1911 2928 2190 2983 interiora
2237 2926 2312 2981 ad

208 3039 462 3086 stratum
513 3027 871 3084 horizontale
921 3028 1260 3094 internum,
1301 3044 1367 3080 ex
1430 3042 1555 3099 quo
1608 3022 1707 3079 fila
1751 3024 1972 3080 clavata
2026 3025 2315 3082 verticalia

211 3137 465 3184 stratum
499 3138 815 3184 externum
860 3126 1281 3184 constituentia
1321 3132 1605 3200 surgunt,
1649 3133 1886 3179 extensa
1928 3133 2102 3192 sunt,
2149 3123 2315 3179 fron-

210 3226 423 3302 disque
439 3226 810 3281 tendentiam
837 3224 1289 3301 centrifugalem
1313 3232 1560 3299 cogunt.
1590 3221 1741 3278 Hinc
1764 3222 1977 3278 accidit
2002 3233 2070 3279 ut
2092 3222 2136 3278 si
2159 3242 2315 3278 seca-

210 3337 312 3382 tur
331 3325 517 3395 frons‚
536 3324 885 3382 laciniarum
908 3326 1201 3400 margines
1223 3325 1424 3380 statim
1443 3322 1890 3379 contrahuntur
1909 3322 2043 3377 etin
2063 3320 2313 3398 globum

212 3444 439 3481 novum
464 3423 553 3480 vel
591 3423 932 3500 cylindrum
971 3423 1106 3498 plus
1147 3424 1349 3479 minus
1372 3422 1760 3479 involvuntur
1783 3455 1861 3463 —
1887 3420 2010 3476 sere
2050 3419 2315 3477 irritabi-

211 3523 438 3581 litatem
467 3522 784 3580 animalem
811 3521 1097 3578 crederes.
1131 3522 1360 3578 Cavitas
1381 3522 1616 3578 interna
1649 3529 1736 3577 est
1768 3520 2025 3577 humore
2051 3517 2311 3593 repleta,

215 3623 352 3695 qui,
396 3622 472 3678 ab
532 3640 694 3697 aqua
739 3622 970 3677 marina
1026 3618 1320 3689 diversus,
1361 3618 1629 3696 ejusdem
1687 3629 1918 3675 naturae
1964 3617 2199 3673 videtur
2244 3635 2314 3670 ac

214 3739 428 3777 succus
461 3722 520 3777 in
582 3721 852 3778 interiore
892 3717 1179 3776 tuborum
1218 3727 1552 3775 contentus.
1601 3752 1678 3761 --
1720 3716 1927 3786 Quum
1968 3716 2026 3770 in
2068 3713 2312 3770 caudice
