2508 4022
1140 223 1420 279 -4-

231 352 327 419 bo,
350 352 580 406 interna
616 356 674 402 et
706 345 964 420 simplici
988 345 1299 422 morphosi
1335 345 1734 422 chlorophylli
1774 347 2072 403 oriuntur.
2096 346 2330 424 Organa

228 445 708 506 fructificationis
751 445 813 499 in
847 463 1028 520 regno
1063 443 1373 520 vegetabili
1402 444 1857 518 simplicissima,
1893 445 2145 503 vesicula
2187 449 2331 504 sim-

226 549 402 625 plici,
469 544 720 620 granula
782 542 1168 616 includente,
1238 552 1508 599 constare
1563 542 1863 599 videntur.
1921 542 2191 619 Sporidia
2254 547 2331 602 ad

224 647 476 721 parietes
525 642 877 701 cellularum
921 643 1092 698 initio
1134 640 1303 697 affixa
1347 651 1489 697 sunt
1534 640 1643 719 (—
1663 642 1859 698 forsan
1914 640 2080 699 fibris
2133 663 2330 700 mem—

221 745 474 800 branam
532 742 1043 799 constituentibus
1099 740 1496 809 adhaerentia,
1550 741 1720 816 quasi
1781 761 1972 816 sporae
2026 743 2146 800 suis
2204 744 2331 818 pla-

223 841 541 921 centis—),
576 844 786 900 formae
816 840 1152 917 irregularis
1182 849 1494 915 apparent,
1526 860 1679 915 saepe
1708 839 1980 916 oblongae
2016 852 2072 898 et
2100 853 2330 917 puncto

221 941 456 1021 singulo
503 952 610 1000 aut
659 940 938 1018 pluribus
990 949 1210 997 notatae
1248 937 1349 1016 (in
1400 937 1944 1019 Btjyopside)-an
1992 941 2208 997 nucleo
2250 944 2331 998 sic

221 1044 384 1101 dicto
415 1042 663 1112 cellulae,
699 1041 786 1099 vel
817 1041 1018 1116 potius
1048 1040 1176 1097 basi
1221 1039 1592 1115 perlucente,
1634 1058 1754 1115 quo
1798 1042 1923 1116 ipsa
1958 1038 2125 1097 fibris
2161 1041 2330 1097 affixa

219 1145 368 1202 sint?
388 1168 487 1212 -;
511 1144 704 1200 donec
744 1143 961 1199 sensim
998 1159 1176 1198 succo
1209 1138 1563 1197 cellularum
1605 1140 1833 1197 nutrita
1868 1151 2105 1198 matura
2146 1139 2326 1202 fiunt,

219 1254 447 1301 certam
487 1243 746 1300 formam
783 1242 1084 1312 induunt,
1132 1249 1364 1297 ovatam
1413 1250 1519 1297 aut
1557 1239 2065 1316 subpyriformem
2090 1285 2104 1309 ,
2149 1240 2332 1296 libera

217 1343 512 1414 evadunt,
577 1352 636 1399 et
678 1341 944 1417 denique
995 1351 1168 1397 motu
1212 1339 1577 1397 vivacissimo
1627 1339 1948 1409 instructa,
1985 1350 2332 1413 aperturam

216 1441 791 1510 mamillaeformem,
840 1440 995 1496 inter
1045 1438 1230 1495 fibras
1268 1437 1640 1494 membranae
1691 1447 1921 1509 ortam,
1970 1440 2032 1494 in
2087 1457 2333 1514 quaque

216 1540 429 1598 cellula
451 1540 747 1616 singulam
765 1537 870 1616 (—
890 1558 967 1594 an
990 1534 1265 1612 semper?
1283 1534 1383 1613 -)
1410 1545 1716 1611 quaerunt,
1741 1546 1798 1591 et
1818 1555 1926 1611 per
1950 1537 2109 1592 hanc
2134 1557 2334 1593 erum-

213 1641 434 1715 pentia,
465 1640 527 1695 in
556 1657 718 1714 aqua
758 1636 1176 1693 circumdante
1201 1635 1386 1692 libera
1421 1635 1710 1705 natantia,
1739 1633 1814 1690 ad
1854 1645 2089 1691 certum
2126 1636 2329 1692 locum

212 1739 542 1796 evolutioni
573 1748 787 1814 aptum
818 1737 1036 1794 sensim
1064 1746 1475 1812 aggregantur.
1513 1734 1684 1791 Motu
1716 1735 2039 1792 inchoante
2065 1734 2330 1811 Sporidia

211 1849 440 1908 rostrO,
482 1855 722 1913 semper
774 1846 1111 1913 praeeunte,
1157 1835 1545 1891 instruuntur
1575 1869 1650 1877 -—
1698 1855 1774 1891 an
1839 1837 2014 1891 rostri
2057 1834 2222 1909 origo
2272 1835 2330 1890 in

213 1938 460 2012 punctis
486 1936 885 2013 granulorum
917 1933 1263 1991 membrana
1289 1932 1731 1989 adhaerentium
1755 1932 2080 2009 quaerenda
2111 1935 2185 1990 sit
2197 1936 2331 1997 ?-,

214 2038 383 2117 quod
437 2045 613 2093 motu
672 2043 1056 2092 evanescente
1117 2026 1401 2108 denique
1431 2031 1598 2087 radix
1649 2030 1890 2108 sporidii
1945 2032 2331 2107 germinantis

212 2138 428 2196 evadit.
462 2168 538 2178 —-
572 2133 699 2191 Hoc
744 2135 927 2191 modo
973 2132 1237 2208 sporidia
1294 2132 1786 2189 numerosissima
1840 2131 1900 2186 in
1958 2149 2330 2206 unaquaque

214 2235 428 2296 cellula
453 2236 743 2293 contineri
771 2233 970 2309 palam
993 2213 1500 2290 est—Fructum
1529 2230 1939 2307 sporidiorum
1970 2231 2032 2286 in
2054 2235 2330 2308 Drapar-

215 2335 495 2405 naldieiS,
523 2336 585 2391 in
607 2330 964 2413 Conferveis,
991 2333 1051 2389 in
1074 2334 1431 2413 Zygnemeis
1455 2328 1946 2409 (Ηγᾱνοᾱίοεγο),
1964 2329 2026 2385 in
2054 2328 2331 2386 Ulvaceis

212 2448 275 2495 ,et
298 2438 361 2494 in
385 2433 698 2514 Siplzoneis
721 2434 989 2504 existere,
1018 2431 1537 2489 observationibus
1557 2430 1887 2507 probatum
1909 2431 2043 2485 fuit.

302 2545 354 2593 2⁰
402 2534 783 2615 Coniocystoe
816 2533 1009 2589 rarius
1055 2542 1121 2589 ut
1153 2532 1393 2588 videtur
1435 2530 1881 2606 provenientes,
1927 2528 2024 2584 sed
2068 2547 2199 2584 eam
2250 2527 2328 2583 ob

214 2655 459 2695 causam
483 2654 608 2691 non
632 2634 834 2690 minus
864 2633 1063 2689 forsan
1090 2630 1409 2688 normales.
1435 2631 1591 2688 Loco
1618 2630 1783 2705 quod
1809 2629 2070 2705 sporidia
2096 2628 2328 2704 singulo

208 2725 489 2795 constant
529 2732 783 2810 granulo
828 2731 1263 2808 chlorophylli,
1316 2731 1672 2806 eoniocystae
1727 2727 2216 2785 numerosissima
2267 2728 2329 2782 in

214 2836 514 2912 sphaeram
546 2833 758 2890 coalita
793 2831 1102 2888 includere
1141 2830 1436 2886 videntur.
1480 2827 1851 2904 Coniocystae
1886 2828 1947 2883 in
1996 2825 2331 2885 Calothrice

213 2932 616 3015 conferuicola
642 2942 700 2989 et
733 2936 794 2989 C.
823 2929 1224 3007 scopulorum,
1260 2932 1322 2986 in
1347 2927 1624 3005 pluribus
1653 2925 1967 3005 Confervoe
1989 2927 2323 3003 speciebus,

214 3038 277 3092 in
310 3032 626 3113 Siphoneis
656 3041 715 3088 et
759 3028 1158 3108 Choetoplzora
1195 3031 1445 3085 inventae
1474 3037 1648 3106 sunt,
1688 3025 1798 3082 illis
1844 3028 2040 3083 forsan
2081 3025 2327 3100 insuper

215 3133 481 3209 analogae
538 3130 877 3189 habeantur
936 3148 1127 3204 sporae
1185 3132 1663 3207 Zygnemacum,
1710 3124 2096 3200 copulatione
2161 3134 2325 3179 ortae.

217 3234 289 3290 In
323 3235 387 3293 V
379 3228 668 3290 ancharia
692 3239 961 3287 constare
989 3228 1271 3285 videntur
1297 3226 1627 3302 perisporio
1669 3223 1931 3300 hyalin0,
1959 3221 2129 3302 cujus
2155 3221 2326 3276 deni-

221 3352 340 3409 que
388 3340 648 3406 ruptura
697 3347 870 3404 spora
932 3328 1119 3384 libera
1175 3326 1402 3394 evadit,
1460 3335 1518 3381 et
1561 3325 1619 3378 in
1661 3343 1820 3398 aqua
1864 3319 2324 3396 circumjacente

218 3442 462 3489 vmotum
499 3429 734 3497 induit,
776 3427 968 3483 donec
1004 3428 1265 3501 denique
1302 3424 1656 3501 tranquilla,
1708 3422 1956 3499 singulae
1993 3423 2211 3498 plantae
2256 3415 2326 3473 fit

222 3532 385 3607 origo
418 3529 578 3607 (vide
609 3529 744 3589 Obs.
784 3531 987 3605 Unger
1014 3529 1077 3583 in
1110 3526 1250 3584 Aet.
1290 3537 1415 3583 nat.
1458 3521 1724 3600 carim.)
1761 3523 1832 3579 In
1874 3522 2130 3601 Bryopsi
2173 3517 2322 3575 Bal-

226 3627 464 3686 bisiana
519 3630 638 3706 jam
689 3649 845 3686 anno
901 3628 1043 3703 1837
1105 3628 1467 3703 coniocystas
1523 3625 1583 3678 in
1634 3621 2067 3696 speciminibus
2107 3618 2179 3672 ad
2213 3616 2324 3672 Vil-

222 3730 347 3786 lam
372 3730 657 3787 Francam
675 3729 838 3788 lectis
861 3726 1177 3795 observavi,
1205 3736 1261 3781 et
1279 3725 1414 3781 dein
1447 3722 1711 3798 plantam
1747 3723 1936 3778 vivam
1961 3739 2066 3794 per
2088 3717 2322 3791 longius
