2508 4022
1122 243 1324 298 ..54
1369 273 1451 287 -,

245 359 373 418 126.
421 357 484 417 S.
522 353 988 413 Hornsclzachii.
1016 359 1138 434 Ag.
1160 373 1246 432 Sp.
1273 375 1332 432 p.
1373 357 1471 426 40.
1507 359 1569 415 S.
1595 354 2120 436 amygdalffoliam
2153 364 2333 441 Bory‚

319 463 551 526 Molee,
585 475 644 512 η.
690 452 855 526 1440.

302 575 428 623 Hah.
469 591 494 621 e
537 573 846 638 profundiori
889 576 1120 638 rejectam
1159 576 1208 621 in
1248 581 1457 634 utroque
1500 576 1623 620 mari
1654 574 1782 636 legi3
1810 573 1884 638 adss
1909 574 2067 632 Cette,
2097 575 2331 635 Livorno,

238 661 448 719 Trieste‚
477 667 570 708 ete.
598 674 793 724 semper
825 675 953 708 rara.

792 962 1074 1019 Familia
1125 963 1251 1019 111.
1297 963 1773 1022 FLORIDEAE.

321 1145 681 1204 CHARACTER.
731 1146 891 1224 Algae
914 1148 1156 1219 dioicae‚
1198 1149 1403 1206 fructu
1451 1147 1683 1224 duplici
1723 1168 1957 1223 semper
2002 1148 2059 1203 in
2098 1146 2340 1204 diversis

239 1245 567 1302 individuis
600 1267 614 1300 ε
653 1266 773 1302 uno
797 1247 1118 1322 saepissime
1150 1256 1391 1305 externo
1410 1291 1426 1317 ‚
1453 1248 1609 1303 intra
1635 1246 2038 1323 pericarpium
2066 1244 2343 1321 subgela-

240 1344 506 1402 tinosum
529 1356 636 1402 aut
661 1345 1017 1402 cellulosum
1047 1366 1252 1422 sporas
1276 1365 1630 1404 numerosas
1653 1345 1888 1403 fovente
1907 1366 1920 1417 3
1939 1345 2123 1403 altero
2149 1344 2346 1419 saepis-

240 1443 386 1500 sime
415 1444 696 1500 immerso
721 1446 877 1500 intra
917 1445 1320 1519 perisporium
1364 1445 1675 1521 hyalinum
1700 1465 1902 1520 sporas
1934 1446 1971 1517 4
1996 1454 2337 1522 generante.

238 1574 318 1583 ——
343 1542 602 1598 Frondes
627 1543 824 1598 colore
865 1543 1187 1618 saepissime
1223 1563 1405 1602 roseae
1443 1554 1551 1601 aut
1582 1555 2119 1620 purpurascentes,
2152 1544 2349 1600 rarius

238 1659 308 1697 ex
341 1640 597 1697 olivaceo
623 1640 709 1696 vel
737 1640 992 1697 violaceo
1019 1643 1221 1699 tinctae
1239 1685 1253 1710 ,
1294 1645 1624 1701 articulatae
1653 1643 1738 1700 vel
1765 1643 2194 1711 inarticulatae,
2241 1661 2305 1718 cy
2327 1676 2343 1684 ν

237 1736 556 1794 lindraceae
582 1748 688 1795 aut
715 1738 935 1814 planae,
963 1741 1260 1797 rarissime
1281 1741 1363 1818 (et
1388 1764 1509 1799 non
1538 1742 1651 1800 nisi
1691 1742 1749 1797 in
1780 1741 1991 1798 ultima
2024 1737 2218 1818 tribu)
2247 1759 2348 1795 or·-

236 1860 386 1918 gana
410 1842 563 1899 foliis
589 1843 800 1899 similia
836 1843 1194 1901 exhibentes.
1233 1844 1386 1921 Algae
1414 1861 1649 1916 semper
1677 1840 1921 1898 marinae
1942 1850 1998 1896 et
2021 1839 2211 1895 maria
2233 1838 2349 1894 sal-

239 1940 391 1996 siora
413 1943 807 2016 praeferentes,
828 1961 963 1998 raro
985 1943 1112 2000 loca
1127 1944 1244 2001 sole
1262 1943 1527 2018 exposita
1549 1938 1972 2008 inhabitanteS,
1996 1937 2345 1994 obscuriora

237 2037 327 2094 vel
351 2040 541 2113 aperti
567 2040 746 2096 maris
776 2040 862 2097 vel
888 2042 1135 2098 sinuum
1161 2062 1282 2098 non
1313 2041 1573 2096 nimium
1598 2038 1973 2095 seclusorum
2004 2045 2348 2112 praeoptan-

238 2145 356 2208 teS‚
409 2137 684 2213 plurimae
721 2140 1006 2215 rupicolae
1050 2152 1156 2197 aut
1208 2144 1268 2198 in
1303 2140 1517 2198 vicinia
1558 2140 1810 2216 rupium
1856 2139 1985 2197 aliis
2033 2139 2340 2214 parasitae,

236 2254 446 2311 paucae
494 2238 556 2294 in
604 2238 927 2310 sabulosis,
970 2241 1346 2315 paucissimae
1384 2241 1447 2295 in
1487 2240 1711 2296 limosis
1760 2249 1818 2294 et
1860 2239 2011 2294 mari
2053 2237 2339 2313 stagnanti

237 2333 482 2410 degunt.
512 2335 580 2392 In
618 2357 761 2393 zona
786 2337 993 2414 frigida
1032 2348 1090 2395 et
1124 2339 1311 2395 calida
1353 2359 1585 2415 paucae,
1628 2340 1687 2395 in
1720 2346 2046 2413 temperata
2078 2337 2345 2392 maximo

238 2453 495 2492 numero
516 2435 868 2494 obveniunt.

317 2602 644 2663 STRUCTURA
692 2626 945 2665 FRons.
999 2605 1277 2664 Florideae
1323 2628 1530 2665 omnes
1577 2606 1805 2664 cellulis
1839 2615 2126 2663 contextae
2158 2614 2299 2661 sunt
2324 2650 2340 2676 ,

238 2722 373 2779 quae
404 2724 539 2761 vero
565 2725 731 2762 nunc
769 2706 1050 2783 elongatae
1074 2717 1132 2764 et
1167 2705 1503 2776 filifornms,
1544 2726 1710 2764 nunc
1739 2705 2095 2763 abbreviatae
2125 2714 2345 2760 rotun-

235 2801 392 2859 datae
420 2813 526 2860 aut
549 2805 858 2881 polygonae
894 2817 1052 2863 sunt.
1085 2806 1315 2863 Cellulae
1347 2816 1452 2863 aut
1482 2807 1541 2862 in
1579 2805 1808 2882 singula
1841 2806 1986 2862 serie
2014 2803 2343 2880 longitudi—

234 2897 355 2957 nali
392 2899 587 2959 alterae
613 2903 807 2960 alteris
841 2904 1312 2979 superimposita}
1341 2904 1758 2983 (Ceramiae),
1795 2905 1985 2961 autin
2023 2902 2341 2977 multiplici

235 3000 380 3056 serie
409 3001 490 3056 ita
524 3001 585 3056 in
614 3000 892 3058 frondem
926 3004 1285 3062 coordinatae
1302 3049 1318 3077 ,
1351 3015 1419 3062 ut
1451 3005 1509 3060 in
1536 3003 1747 3060 eodem
1784 3005 1964 3080 plano
1989 3000 2339 3059 horizontali

235 3097 457 3156 cellulae
489 3100 856 3157 diversarum
886 3102 1172 3159 serierum
1199 3104 1603 3160 terminantur
1625 3100 2180 3181 (Rhodomeleoe)—
2196 3109 2253 3156 et
2277 3100 2338 3155 in

234 3205 501 3272 utroque
521 3214 654 3255 casu
680 3199 842 3257 frons
869 3200 1202 3258 articulata
1225 3202 1562 3269 dicitur—3
1588 3211 1692 3257 aut
1714 3201 1975 3276 denique
2001 3199 2230 3256 cellulae
2257 3197 2342 3254 di-

229 3316 539 3356 versarum
564 3301 850 3358 serierum
873 3303 934 3358 in
961 3302 1172 3359 eodem
1197 3303 1376 3379 plano
1399 3302 1746 3360 horizontali
1786 3323 1908 3359 non
1933 3304 2339 3359 terminantur

234 3397 476 3478 (ceterae
495 3400 831 3482 Florideae)
858 3413 916 3459 et
936 3405 1097 3462 frons
1115 3403 1516 3462 inarticulata
1536 3413 1642 3459 aut
1662 3400 1952 3459 cellalosa
1975 3400 2331 3477 appellatur.

233 3498 303 3555 In
326 3499 417 3557 his
440 3501 662 3577 duplex
686 3500 879 3558 saltim
912 3501 1263 3560 cellularum
1295 3513 1550 3560 stratum
1590 3520 1903 3578 agnoscere
1931 3499 2069 3556 licet
2092 3520 2108 3553 :
2143 3499 2336 3554 inter-

234 3617 383 3655 num
407 3599 837 3676 longitudinale
861 3611 920 3657 et
948 3602 1083 3657 axin
1111 3602 1480 3659 constituens
1496 3643 1511 3669 ,
1533 3610 1718 3675 atque
1738 3610 2054 3656 externum
2081 3595 2155 3652 ab
2178 3596 2333 3653 inte-

238 3696 386 3752 riore
430 3698 837 3758 subarcuatim
876 3720 1220 3772 excurrens,
1245 3699 1721 3758 subhorizontale
1763 3708 1821 3756 et
1858 3691 2326 3772 periphericum.
