2508 4022
1101 217 1413 271 -45.„

193 335 516 393 biennibus
559 334 906 389 Laminariae
949 333 1176 407 optime
1217 331 1447 401 elucet,
1491 332 1550 387 in
1596 332 1822 408 quibus
1867 331 2029 388 frons
2074 329 2301 387 novella

192 436 268 492 ab
312 437 480 511 apice
522 434 738 509 stipitis
780 430 1054 489 frondem
1097 429 1309 508 prioris
1350 432 1496 487 anni
1528 443 1783 507 separat,
1811 433 1867 488 in
1900 432 2090 489 altum
2124 430 2299 497 tollit,

193 535 411 590 sensim
458 532 751 590 evolvitur
786 541 844 588 et
885 530 1015 588 basi
1059 531 1321 608 denique
1364 533 1615 587 omnino
1660 532 1936 589 laciniata
1977 543 2097 602 est,
2152 530 2306 587 dum

193 634 389 708 apices
435 631 790 689 laciniarum
852 630 1196 688 adhaerente
1264 631 1476 689 sronde
1524 631 1737 707 prioris
1801 635 1942 688 anni
1997 632 2198 689 adhuc
2245 633 2306 688 in

196 755 391 791 unum
435 744 811 790 coercentur.
842 767 920 776 --
951 732 1107 790 Cum
1155 735 1272 790 hoc
1314 733 1675 808 neutiquam
1717 731 1952 786 dictum
1997 733 2302 801 volumuS‚

193 834 471 890 frondem
505 834 816 890 undarum
864 833 1141 890 violentia
1189 854 1312 889 non
1339 852 1510 909 posse
1555 829 1898 895 dilacerari,
1938 831 2037 891 sed
2090 831 2309 907 injuria

196 945 265 991 ut
312 934 672 991 crediderim
716 933 791 989 ab
837 934 1192 990 auctoribus
1241 933 1432 989 allatis
1478 931 1765 988 statuitur
1828 931 2130 986 crescendi
2175 952 2310 988 mo·-

195 1035 346 1091 dum
376 1034 726 1090 Laminariae
752 1034 784 1089 a
807 1033 1097 1090 Lessoniis
1121 1034 1180 1088 in
1202 1053 1272 1089 eo
1295 1031 1555 1102 differre,
1586 1029 1755 1108 quod
1781 1029 2008 1086 laciniae
2041 1029 2115 1085 ab
2144 1032 2311 1106 apice

195 1134 482 1192 deorsum
510 1136 872 1191 formantur.

604 1316 846 1352 xxxvnl.
899 1294 1143 1351 CHORDA
1191 1291 1437 1353 Stacklz.
1482 1297 1653 1353 Grev.
1686 1314 1746 1371 p.
1775 1293 1868 1350 86.

205 1462 332 1499 112.
378 1442 489 1501 Ch.
536 1443 897 1501 lomentaria
937 1441 1039 1501 Lb.
1072 1441 1269 1523 Hydr.
1303 1464 1366 1521 p.
1405 1446 1500 1519 74.
1538 1453 1576 1498 t.
1613 1440 1704 1499 48.

265 1563 394 1610 Hah.
424 1564 482 1610 ad
511 1579 658 1627 rupes
679 1578 857 1628 parum
884 1563 1137 1610 demersas
1163 1562 1452 1626 lapidesque
1479 1563 1530 1607 in
1553 1561 1760 1607 sinubus
1781 1560 2060 1607 minoribus
2088 1561 2316 1623 plerumn

198 1664 293 1711 que
324 1649 684 1696 vehementiori
705 1658 937 1696 currente
961 1650 1239 1713 percursis;
1270 1649 1327 1695 ad
1358 1650 1578 1696 Nicaeam
1597 1656 1643 1694 et
1667 1647 1938 1694 Massiliam
1961 1645 2082 1709 legi.

382 1816 576 1852 xxx1x.
609 1798 968 1852 Lamz’naria
1009 1800 1292 1852 Lamour.
1326 1799 1498 1853 Grec).
1527 1794 1673 1874 Alg.
1716 1797 1893 1851 Britt.
1924 1815 1984 1872 p.
2021 1815 2114 1872 27.

208 1956 336 2016 143.
385 1962 451 2016 L.
499 1955 757 2037 brevipes
816 1959 942 2038 Ag.
996 1978 1083 2038 sp.
1136 1956 1283 2037 Alg.
1338 1978 1397 2036 p.
1451 1959 1592 2027 116,
1637 1969 1696 2014 ec
1747 1961 1815 2015 L.
1879 1975 2328 2035 purpurascens

278 2057 472 2138 ejusd.
509 2080 568 2138 p.
611 2078 737 2138 117.

275 2179 406 2227 Hab.
456 2193 572 2226 cum
599 2180 825 2242 Dictyota
861 2179 1053 2227 Solleric‘
1074 2182 1125 2227 in
1149 2180 1330 2226 vicinia
1356 2179 1606 2238 Massiliae,
1637 2180 1823 2243 species
1848 2177 1964 2225 alias
1990 2178 2260 2244 rarissima.

286 2290 500 2368 Stipite
540 2291 816 2349 breviore
858 2303 917 2349 et
956 2291 1170 2349 fronde
1211 2301 1558 2349 constanter
1597 2292 1832 2347 minore
1871 2311 1904 2345 a
1949 2294 2015 2346 L.
2062 2287 2328 2368 digitata

200 2389 445 2458 differt3
493 2391 828 2448 substantia
875 2397 1144 2471 insuper*
1176 2390 1407 2448 frondis
1466 2390 1541 2446 ad
1590 2394 1658 2447 L.
1713 2386 2025 2447 bulbosam
2081 2390 2329 2464 propius

202 2493 510 2550 accedens.
547 2493 576 2549 J
584 2495 829 2551 uvenilis
860 2494 1064 2569 planta
1098 2495 1216 2550 fere
1245 2491 1504 2567 elliptica
1527 2501 1585 2546 et
1612 2491 1862 2564 integra,
1895 2489 2114 2545 sensim
2145 2487 2330 2562 magis

206 2594 515 2669 magisque
556 2594 911 2663 laciniatur‚
964 2603 1022 2649 et
1068 2594 1231 2650 frons
1272 2590 1466 2648 senilis
1513 2595 1576 2647 L.
1625 2599 2159 2667 purpurascentem
2196 2589 2325 2663 Ag.

205 2693 374 2749 sistit.
403 2691 573 2749 Hanc
602 2694 807 2768 itaque
834 2712 978 2749 cum
1023 2692 1290 2768 Boryana
1328 2691 1520 2769 specie
1562 2689 1833 2766 ejusdem
1868 2689 2129 2743 nominis
2151 2731 2165 2752 ,
2199 2706 2333 2762 quae

206 2802 293 2848 est
318 2790 590 2849 Floridea
625 2792 1085 2868 Gastrocarpea,
1118 2791 1284 2848 haud
1312 2790 1742 2848 confundenda
1764 2800 1868 2846 est.

534 3026 662 3083 XII.
694 3024 1048 3083 FUCACEAE
1092 3025 1216 3105 Ag.
1251 3036 1396 3102 syfst.
1428 3044 1493 3101 p.
1528 3024 1621 3101 57,
1667 3020 1821 3080 excl.
1848 3041 2048 3102 gener.

296 3213 677 3272 Structuram
704 3216 941 3272 fructus
982 3212 1102 3290 jam
1149 3212 1264 3268 alio
1306 3194 1438 3270 loco
1482 3211 1639 3291 (nov.
1683 3218 1741 3270 F
1744 3211 1788 3268 l.
1832 3211 1965 3270 Soc.
2007 3222 2064 3267 et
2107 3213 2171 3266 ἰη
2195 3211 2333 3264 Act.

214 3311 417 3370 Holm.
479 3314 654 3391 1836)
705 3314 1001 3370 illustrare
1040 3322 1293 3369 conatus
1319 3333 1453 3370 sum
1483 3337 1498 3380 ;
1530 3313 1709 3369 hodie
1749 3313 1822 3368 ad
1854 3312 2174 3388 pulchram
2201 3328 2336 3363 ana-

215 3413 362 3490 lysin
403 3411 714 3470 Decaisnei
744 3415 993 3490 insuper
1032 3413 1251 3473 referre
1283 3423 1520 3470 tantum
1549 3433 1705 3488 opus
1742 3414 1872 3470 erit.
1924 3411 2084 3468 Alter
2121 3408 2337 3464 fructi-—

219 3511 513 3568 ficationis
555 3513 750 3568 forma
790 3514 851 3568 in
887 3512 1001 3569 filis
1039 3512 1557 3585 receptaculorum
1591 3512 1791 3569 forsan
1826 3511 2014 3577 adest,
2041 3507 2180 3564 licet
2221 3507 2339 3563 hoc

219 3611 640 3688 experimentis
684 3611 924 3669 directis
961 3611 1241 3670 nondum
1268 3610 1599 3685 probatum
1636 3611 1834 3667 fuerit.
1878 3606 2337 3663 Observationes

222 3710 485 3769 Crouani
510 3710 585 3766 de.
614 3717 675 3769 C.
709 3711 1023 3769 scutulata
1050 3714 1127 3769 ita
1153 3710 1520 3785 explicandae
1547 3709 1718 3767 nobis
1746 3707 2042 3764 videntur.
