2508 4022
1056 188 1375 242 „61—

172 317 530 396 producunt
557 311 914 370 cellularum
939 309 1480 367 minutissimarum
1489 324 1650 382 ,quae
1664 307 1879 364 sensim
1901 306 1958 362 in
1981 306 2275 384 glomeru:

170 419 302 475 lum
324 413 630 491 singulum
655 410 978 468 arctissime
995 407 1460 485 conglobantur,
1483 424 1740 481 quaequc
1762 406 2006 482 singulae
2032 425 2269 481 sporam

171 516 468 593 singulam
510 510 820 587 morphosi
858 507 1345 565 endochromatis
1387 506 1707 562 formatam
1735 506 2100 583 producunt.
2140 504 2274 562 Haec

172 626 377 673 autem
418 611 659 668 illarum
690 610 855 685 origo
883 628 1002 664 non
1032 609 1140 665 nisi
1168 608 1229 663 in
1262 603 1625 683 juvenilibus
1651 602 2030 669 observanda,
2056 606 2273 677 raro(‚in

173 716 382 771 fructu
399 720 640 767 maturo
659 707 976 784 perspicua
998 707 1114 785 (W
1106 705 1440 788 rangelia):
1467 724 1544 759 an
1562 722 1761 759 revera
1787 722 2019 778 semper
2042 705 2276 761 cadem?

175 812 269 890 (In
311 808 798 886 Gasterocarpeis
829 807 1130 883 praecipue
1159 805 1545 864 Favellidium
1582 803 2105 860 transformatione
2151 806 2271 861 sin-

174 911 327 989 gulae
362 908 589 966 cellulae
609 952 623 977 ,
651 908 822 982 cujus
854 906 1265 963 endochroma
1299 906 1358 961 in
1395 923 1601 979 sporas
1633 922 1987 960 numerosas
2020 903 2280 974 abiisset,

177 1021 382 1068 ortum
420 1009 620 1076 fuisse,
651 1005 821 1062 facile
845 1003 1159 1080 crederes).
1188 1002 1426 1060 Cellulae
1454 1003 1495 1057 F
1498 1001 1709 1058 avellas
1734 999 1823 1057 vel
1868 1001 2176 1059 Favellidia
2206 1005 2284 1060 ita

177 1111 606 1168 constituentes
641 1127 774 1163 raro
813 1127 881 1163 ex
922 1102 1150 1180 singula
1181 1102 1394 1159 cellula
1426 1101 1511 1158 vel
1548 1101 1824 1177 placenta
1858 1102 2167 1177 provenire
2206 1104 2285 1159 vi-

178 1211 398 1268 dentur
413 1207 882 1287 (Chrysymenc'a‚
899 1199 1302 1283 Wrangelia?
1317 1199 1341 1279 )
1368 1201 1580 1276 saepius
1603 1199 1977 1276 productum
2011 1201 2286 1256 omnium

179 1309 535 1367 cellularum
593 1305 1157 1381 circumjacentium
1211 1300 1608 1368 crediderim;
1644 1310 1883 1357 matura
1943 1299 2291 1359 Favellidia

179 1410 381 1487 potius
444 1409 503 1464 in
547 1417 728 1465 strato
786 1406 1097 1463 frondium
1148 1401 1483 1460 nidulantia
1528 1410 1586 1457 et
1636 1399 1841 1470 libera,
1898 1420 2082 1476 quam
2129 1413 2292 1459 certo

180 1518 411 1586 puncto
447 1507 640 1577 affixa,
684 1506 980 1563 rarissime
1021 1504 1310 1579 placentae
1355 1500 1559 1558 adhuc
1607 1501 1972 1559 adhaerentia
2020 1499 2294 1581 (Chrysy-

179 1609 409 1677 menia,
464 1603 900 1683 Grateloupia)
946 1603 1096 1660 mihi
1142 1603 1262 1660 visa
1324 1611 1484 1659 sunt.
1531 1599 1731 1675 Sporae
1779 1598 2187 1658 Coccidiorum
2224 1622 2293 1659 ex

181 1707 652 1764 endochromate
679 1704 1072 1772 cellularum,
1100 1703 1159 1759 in
1195 1701 1294 1758 fila
1334 1700 1912 1760 clavato-articulata
1950 1724 1982 1758 a
2022 1704 2294 1780 placenta

186 1806 412 1883 singula
460 1804 709 1860 centrali
757 1802 1115 1879 egredientia
1158 1801 1675 1874 coordinatarum‚
1717 1804 2097 1871 formantur3
2130 1804 2295 1879 origo

185 1908 390 1982 itaque
420 1902 762 1960 Favellideis
805 1900 1161 1969 subsimilis,
1186 1911 1246 1957 at
1274 1900 1551 1976 placenta
1593 1900 2017 1959 Coccidiorum
2053 1923 2299 1959 norma-

186 2006 321 2063 liter
389 2004 620 2081 singula
675 2013 732 2059 et
770 2003 831 2058 in
871 2002 1077 2058 fructu
1133 2009 1376 2057 maturo
1431 2001 1637 2058 adhuc
1690 2000 2056 2080 detegenda3
2110 2021 2299 2076 sporae

189 2107 393 2162 minus
427 2113 586 2161 arcte
616 2101 919 2160 cohaerent
945 2109 1211 2176 suntque
1239 2119 1370 2155 eam
1400 2099 1478 2156 ob
1512 2120 1754 2157 causam
1782 2101 2116 2176 pericarpio
2142 2119 2307 2158 com-

190 2206 366 2263 muni
411 2204 674 2261 inclusae.
732 2200 934 2278 Sporae
979 2196 1468 2258 Keramidiorum
1503 2200 1726 2277 origine
1772 2221 1895 2256 non
1946 2220 2306 2276 magnopere

192 2307 420 2363 diversa
446 2303 710 2381 gaudent
728 2325 744 2374 3
774 2302 905 2360 loco
936 2311 1142 2358 autem
1173 2297 1421 2355 filorum
1465 2299 2107 2357 multiarticulatorum
2155 2298 2310 2357 Coc-

195 2405 361 2475 cidii,
398 2414 539 2462 sunt
566 2402 665 2459 fila
705 2401 989 2479 sporifera
1033 2402 1094 2457 in
1125 2399 1479 2458 Keramidiis
1517 2402 1590 2458 ad
1626 2402 1934 2458 terminale
1980 2403 2305 2460 articulum

197 2506 480 2576 reducta;
527 2503 669 2559 hinc
707 2503 1029 2579 perisporae
1071 2503 1256 2578 magis
1288 2501 1646 2578 pyriformes
1686 2511 1743 2557 et
1775 2501 2030 2557 invicem
2061 2501 2308 2557 omnino

199 2606 415 2662 liberae·
442 2601 904 2678 Cujuscumque
929 2601 1134 2676 itaque
1156 2601 1387 2675 generis
1413 2600 1530 2657 sint
1552 2599 1832 2676 capsulae,
1862 2620 2048 2676 sporae
2076 2620 2310 2675 semper

200 2725 272 2761 ex
299 2705 526 2782 integro
552 2701 1029 2759 endochromate
1055 2701 1323 2756 formatae
1371 2710 1532 2768 sunt,
1563 2710 1620 2756 et
1657 2699 1902 2777 singulae
1930 2719 2121 2776 sporae
2152 2700 2311 2774 peri-

204 2806 403 2883 sporio
429 2805 675 2881 proprio
697 2802 959 2873 inclusae3
974 2802 1323 2858 maturitate
1345 2818 1375 2854 e
1400 2799 1552 2874 peris
1564 2799 1741 2874 poriis
1768 2809 2128 2874 erumpunt,
2150 2798 2312 2860 unde

205 2923 394 2981 sporae
431 2903 570 2979 ipsae
610 2901 775 2959 nulla
805 2921 938 2958 vera
967 2899 1320 2957 membrana
1346 2900 1557 2956 cinctae
1585 2898 1886 2956 videntur.

287 3002 519 3078 Duplex
553 3002 757 3077 itaque
802 2999 899 3056 hic
931 2996 1413 3056 fructificationis
1450 3008 1771 3075 apparatus
1793 3042 1807 3067 ,
1850 2998 2019 3055 variis
2062 3007 2318 3073 uterque

212 3099 765 3159 modificationibus
784 3145 798 3171 ,
843 3098 1129 3156 omnibus
1152 3097 1389 3156 familiae
1411 3096 1641 3155 civibus
1674 3097 1949 3173 legitimis
1976 3097 2317 3154 communis

214 3199 470 3257 videtur.
487 3200 557 3255 In
578 3200 794 3257 eodem
822 3196 1135 3254 individuo
1160 3205 1418 3273 uterque
1436 3215 1780 3272 nunquam,
1803 3217 1936 3254 raro
1967 3199 2012 3254 si
2043 3214 2317 3272 unquam

211 3301 272 3355 in
297 3298 506 3354 eadem
534 3299 750 3374 plantae
774 3306 941 3373 parte
966 3304 1224 3370 uterque
1244 3295 1571 3363 evolvitur3
1602 3315 1762 3352 unus
1784 3297 1845 3352 in
1874 3295 2131 3352 alterum
2159 3313 2320 3350 nun-

216 3418 401 3475 quam
422 3398 858 3473 transgrediens
876 3407 933 3453 et
952 3404 1165 3452 neuter
1181 3393 1421 3451 alterius
1444 3393 1812 3452 modificatio
1834 3394 2117 3451 normalis
2136 3393 2320 3449 consi-

215 3496 522 3555 derandus
536 3494 837 3573 (1).Sporae
859 3496 1036 3553 unius
1058 3512 1128 3548 ex
1140 3492 1611 3551 endochromate
1634 3494 1863 3569 integro
1887 3491 2113 3551 cellulae
2135 3501 2323 3549 traus-

277 3668 340 3719 (⁴)
370 3664 582 3707 Theoriam
601 3664 650 3705 de
680 3664 883 3707 identitate
908 3667 1110 3720 utriusque
1129 3677 1367 3718 organorum
1392 3666 1554 3720 generis
1571 3662 1722 3717 jamdiu
1743 3662 1917 3702 relictam
1945 3660 2064 3701 fuisse
2092 3669 2184 3716 post
2201 3674 2323 3716 opera

216 3752 277 3786 tot
294 3743 518 3786 recentiora
542 3741 700 3785 credere
722 3742 922 3795 licuisset,
947 3757 1069 3798 quum
1091 3742 1166 3785 sub
1183 3754 1282 3784 nova
1299 3741 1425 3784 forma
1453 3751 1489 3784 et
1516 3741 1627 3784 novis
1655 3739 1895 3792 argumentis
1920 3739 2121 3782 fundatam
2145 3740 2188 3801 ³¹³,
2205 3752 2325 3793 opere
