2508 4022
1104 237 1417 291 *20-

292 383 546 440 superne
585 362 803 431 densis,
828 360 1050 417 inferne
1073 365 1238 432 raris,
1267 360 1428 417 rachi
1460 380 1675 435 parum
1705 362 2080 421 tenuioribus
2098 363 2303 420 obsita.

287 483 417 529 Hab.
450 480 509 526 ad
539 478 767 542 scopulos
808 478 1161 526 vehementiori
1201 480 1334 526 fluxu
1369 481 1614 542 expositos
1639 481 1688 525 in
1711 479 1869 526 limite
1893 482 2060 540 maris,
2085 481 2144 527 ad
2169 482 2306 528 Cette

217 579 263 616 et
283 569 549 618 Massiliam
570 567 682 628 legi.

286 672 531 735 Caespites
550 673 728 717 minuti
770 671 1190 733 sesquipollicares
1211 670 1388 716 virides
1408 673 1557 717 erecti
1588 678 1634 717 et
1652 686 1830 734 parum
1861 675 2070 721 mucosi.
2094 673 2309 719 Frondes

216 758 480 821 simplices,
529 764 610 803 aut
647 757 798 803 semel
821 758 893 803 vel
918 757 990 803 bis
1032 755 1348 815 dichotomae‚
1372 756 1703 812 claviformes‚
1730 757 1918 803 inferne
1944 766 1990 804 et
2029 774 2173 821 supra
2200 774 2308 805 me—

215 843 352 888 dium
376 843 472 889 fere
490 843 653 902 nudae,
683 859 891 907 superne
918 844 1150 889 ramentis
1173 842 1397 889 obtectae.
1430 843 1667 888 Ramenta
1688 842 1884 890 rachide
1913 845 1990 888 vix
2013 844 2219 891 dimidio
2237 852 2309 900 ter

213 930 406 987 nuiora,
431 930 681 992 praecipue
703 944 865 974 versus
893 930 1083 991 apicem
1109 927 1394 974 densissima
1411 963 1422 985 ‚
1455 936 1614 974 erecta
1639 928 1973 989 rigidiuscula,
2007 931 2172 976 omnia
2195 929 2309 976 sub-

221 1013 399 1076 aequali
425 1014 750 1075 longitudine.

211 1118 304 1174 51.
352 1122 452 1177 ΒΓ.
494 1137 711 1197 myura
752 1138 879 1174 nov.
917 1136 1001 1193 sp.
1060 1138 1074 1171 ε
1123 1113 1332 1173 fronde
1380 1117 1703 1173 claviformi
1754 1117 1983 1173 lubrica
2033 1116 2312 1172 ramentis

293 1215 572 1292 undique
606 1215 1049 1291 egredientibus
1089 1214 1464 1290 simplicibus
1493 1215 1777 1292 elongatis
1821 1216 1984 1271 rachi
2032 1214 2312 1290 multiplo

289 1313 666 1370 tenuioribus
696 1310 844 1369 infra
870 1313 1143 1369 medium
1171 1313 1426 1369 obtecta.

276 1431 404 1479 Hab.
433 1433 484 1478 in
510 1432 692 1479 fissuris
718 1434 917 1496 rupium
943 1439 989 1477 et
1016 1430 1303 1477 scrobiculis
1325 1447 1499 1494 parum
1528 1432 1811 1495 profundis,
1839 1433 1986 1496 paulo
2013 1432 2138 1478 infra
2170 1414 2310 1476 lirni-

208 1527 313 1565 tem
331 1518 483 1564 maris
508 1517 778 1580 tranquilli3
809 1516 866 1562 ad
887 1515 1061 1563 Amalss
1087 1517 1224 1574 regni
1250 1516 1578 1578 Neapolitani,
1614 1517 1673 1562 ad
1697 1517 1910 1562 Livorno
1938 1526 1983 1563 et
2015 1533 2166 1581 prope
2188 1518 2310 1563 Niz-

208 1618 313 1649 zam
341 1602 455 1666 legi.

273 1706 507 1769 Caespites
526 1705 614 1750 2-3
637 1703 917 1767 pollicares,
934 1704 1043 1749 laete
1065 1703 1261 1762 virides,
1283 1712 1416 1751 tactu
1435 1702 1637 1751 lubricae
1660 1712 1707 1750 et
1725 1705 1903 1750 eximie
1926 1704 2127 1753 flexiles,
2150 1707 2313 1752 Fron-

208 1794 292 1840 des
313 1794 564 1857 simplices
591 1801 673 1840 aut
703 1794 855 1840 semel
879 1794 954 1839 vel
988 1793 1062 1840 bis
1091 1794 1318 1853 furcatae,
1346 1795 1447 1841 basi
1476 1794 1801 1852 nudiusculae,
1829 1808 1948 1840 mox
1967 1795 2199 1841 ramentis
2221 1793 2317 1840 ob-

203 1892 363 1930 tectae.
401 1885 638 1930 Ramenta
676 1883 871 1930 rachide
899 1883 1131 1946 multiplo
1159 1882 1335 1946 (usque
1359 1882 1590 1945 decuplo)
1632 1884 1872 1939 tenuiora,
1929 1881 2090 1927 media
2130 1882 2206 1928 vel
2229 1896 2310 1927 su-

205 1984 377 2031 prema
410 1969 653 2030 longiora,
681 1966 1045 2031 simplicissima
1077 1968 1258 2017 flexilia
1273 1977 1321 2014 et
1343 1969 1593 2015 levissimo
1624 1984 1761 2030 aquae
1782 1976 1921 2013 motu
1943 1967 2247 2015 fluctuantia.

288 2071 748 2128 Characteribus
785 2073 969 2146 priori
1000 2091 1360 2147 magnopere
1395 2072 1623 2128 accedit
1651 2115 1666 2141 ,
1711 2071 1813 2127 sed
1855 2071 1918 2124 ni
1954 2088 2317 2145 magnopere

204 2168 399 2239 fallor,
442 2171 664 2245 species
688 2169 1150 2226 distinctissima.
1183 2168 1376 2227 Filum
1403 2172 1761 2245 primarium
1799 2188 1986 2245 quam
2023 2169 2084 2223 in
2110 2169 2316 2225 ceteris

205 2268 518 2345 speciebus
545 2270 732 2344 magis
767 2288 1031 2326 crassum
1051 2315 1066 2339 ,
1102 2282 1371 2326 ramenta
1401 2271 1678 2326 tenuiora
1708 2288 1896 2345 quam
1927 2269 1989 2323 in
2015 2267 2160 2324 aliis.
2197 2265 2318 2322 Co·-

202 2368 328 2425 lore
350 2379 406 2424 et
432 2368 786 2424 mucositate
808 2379 1078 2424 ceterum
1102 2369 1271 2426 nudo
1297 2370 1472 2426 oculo
1497 2370 1667 2425 facile
1688 2368 2075 2443 dignoscitur.

207 2488 302 2544 52.
352 2492 452 2543 Br.
503 2483 904 2562 cupressoides
925 2491 1202 2544 Lamour.
1225 2507 1390 2544 mem.
1420 2508 1478 2564 p.
1511 2486 1642 2544 135.
1678 2483 1796 2543 tab.
1835 2506 1878 2540 1.
1897 2481 1963 2563 f.
1991 2486 2024 2541 3
2060 2505 2073 2540 ε
2109 2485 2319 2540 fronde

284 2597 479 2644 erecta
497 2586 869 2662 pyramidata
893 2588 1520 2662 composito-ramosa,
1540 2587 1722 2643 ramis
1744 2584 2117 2659 ramulisque
2138 2602 2318 2658 supra

286 2685 558 2742 medium
576 2685 780 2755 nudiS,
821 2686 988 2759 apice
1022 2684 1806 2761 subcapitato-penicillatis,
1831 2683 2111 2740 ramentis
2137 2682 2319 2737 undi-

288 2804 407 2859 que
453 2784 925 2859 egredientibUS‚
958 2786 1168 2842 mediis
1212 2783 1701 2860 sublongioribus
1721 2828 1735 2853 ,
1766 2782 2062 2857 supremis
2083 2782 2318 2855 apicem

286 2883 533 2939 racheos
562 2884 968 2957 aequantibus,

279 3007 410 3054 Hah.
440 3006 567 3053 inter
591 3006 851 3054 corallinas
879 3007 1093 3070 aliasque
1118 3008 1251 3069 algas
1279 3007 1337 3053 ad
1358 3022 1503 3071 rupes
1531 3005 1887 3052 vehementiori
1921 3006 2053 3051 fluxu
2077 3005 2319 3068 expo-sitas

206 3094 258 3135 in
275 3091 433 3137 limite
447 3092 616 3148 maris3
638 3092 695 3138 ad
717 3093 986 3138 Massiliam
1010 3107 1125 3140 cum
1147 3091 1328 3138 Sollero
1350 3092 1463 3153 legi.
1483 3093 1554 3138 Ex
1570 3092 1733 3138 Nicaea
1756 3089 1888 3135 dedit
1908 3090 2059 3147 RlssO,
2075 3104 2132 3136 ex
2153 3088 2321 3136 Adria·

209 3180 306 3222 tico
327 3175 599 3223 Biasoletto.

276 3278 379 3336 Est
398 3279 568 3354 quasi
589 3283 871 3358 Bryopsis
887 3300 1160 3338 muscosa
1181 3283 1535 3357 composita,
1551 3278 1794 3354 singulis
1816 3278 1997 3334 ramis
2022 3279 2139 3333 fere
2163 3278 2318 3333 fron-

209 3378 348 3433 dem
378 3377 536 3434 illius
558 3378 982 3450 referentibus;
1008 3390 1272 3437 attamen
1298 3380 1484 3456 magis
1509 3377 1740 3434 lubrica
1764 3387 1823 3433 et
1848 3377 2070 3432 chartae
2100 3376 2319 3432 arctius

213 3475 521 3531 adhaerens
542 3520 555 3544 ‚
585 3486 769 3551 atque
794 3478 946 3532 rami.
970 3478 1209 3535 brevius
1234 3478 1598 3554 plerumque
1623 3475 1900 3549 plumati.

300 3577 362 3630 V
354 3571 481 3630 aru?
502 3573 826 3631 adriatica.
851 3575 1080 3632 Fronde
1104 3579 1287 3653 magis
1310 3574 1658 3650 composita,
1677 3573 1920 3630 ramulis
1946 3568 2319 3628 densioribus

213 3671 447 3744 longius
475 3692 678 3730 versus
699 3673 867 3730 basin
890 3675 1413 3733 descendentibus.

285 3769 410 3816 Hah.
446 3772 502 3817 ad
530 3788 645 3821 saxa
675 3773 847 3821 insulae
871 3774 991 3821 Lido
1020 3775 1361 3832 Venetior1un3
1392 3774 1446 3819 ad
1470 3772 1884 3835 Galloprovinciae
1912 3771 2065 3823 littus,
2095 3766 2311 3812 Giraucli.
