2508 4022
1142 265 1218 274 -
1263 235 1300 289 6
1343 267 1419 274 .-

225 374 352 412 ram
395 353 690 429 singulam
722 356 1073 431 eoniocystis
1107 367 1452 413 contentam
1477 377 1634 429 esse,
1666 378 1805 435 quae
1825 365 2165 436 germinans
2188 369 2325 424 novi

222 453 518 510 individui
544 452 760 527 singuli
791 454 954 530 origo
986 466 1091 512 est.
1137 455 1348 532 Magna
1378 456 1583 533 itaque
1621 459 1681 514 in
1724 478 1794 515 eo
1826 442 1977 517 ine-st
2001 461 2330 521 differentia

224 554 702 626 coniocystarum
737 562 796 608 et
834 553 1241 628 sporidiorum
1257 597 1274 627 ,
1306 554 1471 629 quod
1500 556 1637 612 licet
1662 566 1922 633 utraque
1949 580 2167 636 organa
2204 563 2331 618 sin-

222 649 359 725 gula
380 648 691 706 individua
717 660 955 707 tantum
975 663 1281 728 generant,
1310 663 1397 709 est
1429 657 1785 731 compositio
1811 658 2136 734 utriusque
2158 659 2333 735 longe

222 750 470 819 diversa,
491 749 754 825 sporidia
773 751 1230 826 quodammodo
1249 752 1564 828 simplicia,
1590 756 1947 832 coniocystae
1962 777 2031 813 ex
2048 758 2333 833 pluribus

221 849 589 923 compositae.
618 848 838 906 Eadem
855 894 871 920 ,
898 861 968 907 ut
990 849 1142 906 infra
1167 850 1527 924 videbimus,
1560 854 1634 910 de
1662 856 1850 931 sporis
1877 854 2119 913 diversis
2146 854 2335 913 Flori-

220 946 474 1004 dearum
501 947 698 1005 valent
715 991 730 1018 ,
754 967 891 1024 quae
922 950 1037 1006 sive
1059 949 1288 1025 integro
1314 951 1790 1010 endochromate
1816 998 1831 1024 ‚
1862 955 1981 1010 sive
2003 964 2171 1029 parte
2192 965 2331 1013 tan-

220 1055 355 1102 tum
384 1057 659 1103 constent
677 1091 695 1120 ,
733 1047 946 1103 eodem
974 1048 1157 1104 modo
1181 1050 1522 1124 germinant
1547 1061 1607 1107 et
1641 1052 1878 1107 easdem
1902 1052 2135 1127 plantas
2155 1072 2336 1128 gene-

219 1154 371 1201 rant.

299 1239 455 1301 Cum
477 1244 618 1316 hoc,
644 1247 1142 1321 compositionem
1179 1249 1491 1323 quandam
1528 1248 1879 1307 infimarum
1902 1268 2152 1326 quoque
2171 1250 2339 1326 plan-

219 1353 420 1400 tarum
480 1343 778 1418 probante
832 1346 1239 1421 phaenomeno
1263 1391 1278 1417 ‚
1331 1348 1808 1406 observationem
1874 1349 2340 1426 quodammodo

219 1442 618 1499 cohaerentem
679 1443 889 1502 afferre
934 1444 1120 1501 liceat.
1177 1446 1476 1502 Frondem
1513 1447 1575 1499 A
1582 1447 1989 1528 nadyomenes
2032 1469 2065 1504 a
2105 1448 2339 1506 cellulis

219 1541 502 1618 elongatis
525 1587 540 1612 ‚
570 1563 672 1600 seu
696 1543 877 1613 tubis,
907 1544 1012 1601 3-5
1036 1588 1051 1610 ‚
1077 1543 1205 1600 basi
1235 1544 1297 1599 in
1327 1546 1627 1603 radiculas
1656 1548 1910 1604 totidem
1938 1547 2334 1618 abeuntibu5‚

219 1640 587 1716 singulisque
632 1643 801 1717 apice
849 1641 1077 1699 cellulis
1117 1645 1285 1700 novis
1329 1643 1607 1700 stellatim
1648 1645 2024 1704 radiantibus
2065 1648 2290 1703 ornatis
2317 1691 2333 1717 ‚

218 1749 509 1805 constare,
534 1739 794 1815 perbene
822 1750 1040 1797 notum
1063 1752 1170 1798 est.
1198 1741 1359 1799 Dum
1391 1744 1627 1819 singula
1655 1745 1829 1802 series
1856 1744 2218 1802 cellularum
2241 1765 2339 1801 ra·-

218 1838 521 1895 diantium
559 1839 635 1895 ab
663 1840 832 1915 apice
873 1840 1172 1897 tuborum
1208 1840 1505 1898 basalium
1540 1842 1699 1911 abit,
1741 1843 2009 1900 radicula
2053 1843 2282 1919 singula
2307 1864 2341 1900 a

218 1937 372 1994 tubo
412 1937 600 1995 basali
630 1939 842 1996 emissa
881 1939 1144 2007 sufficit;
1191 1950 1258 1997 ut
1294 1950 1497 1997 autem
1530 1943 1728 2016 prima
1771 1943 1946 1999 series
1983 1942 2339 1999 cellularum

220 2035 591 2093 radiantium
613 2057 766 2093 nova
793 2038 941 2094 serie
978 2049 1330 2110 coronatur,
1355 2040 1720 2098 emittuntur
1757 2060 2005 2117 quoque
2031 2061 2063 2096 e
2096 2041 2343 2118 singulis

219 2133 400 2204 tubis,
429 2135 537 2211 qui
559 2135 862 2194 basalibus
876 2138 1134 2212 proximi
1151 2148 1310 2208 sunt,
1330 2138 1555 2196 radices
1577 2139 1937 2196 tubiformes
1960 2139 2202 2218 singuli,
2231 2141 2339 2216 qui

219 2244 460 2291 externe
499 2235 920 2292 membranam
963 2236 1260 2293 tuborum
1299 2237 1593 2295 basalium
1623 2240 1871 2295 omnino
1902 2240 2246 2297 investiunt.
2278 2239 2338 2296 Si

219 2332 424 2408 itaque
453 2352 523 2389 ex
550 2334 716 2409 apice
745 2334 1039 2392 tuborum
1065 2335 1359 2392 basalium
1388 2336 1667 2394 radiatim
1695 2348 1917 2394 exeunt
1945 2338 2080 2394 tubi
2103 2336 2141 2408 4
2167 2337 2340 2415 (quo-

220 2450 362 2488 rum
393 2433 655 2508 quisque
681 2434 852 2509 apice
878 2431 1106 2490 cellulis
1129 2435 1503 2493 radiantibus
1529 2447 1855 2494 coronatus
1889 2436 2001 2514 est)
2046 2438 2341 2494 emittun-

221 2540 325 2588 tur
365 2550 610 2608 quoque
643 2532 875 2588 radices
912 2532 986 2605 4,
1014 2533 1366 2610 dignitatem
1406 2537 1544 2592 novi
1580 2535 1875 2594 individui
1909 2536 2155 2614 singulis
2183 2536 2275 2593 his
2299 2537 2340 2609 4

221 2629 386 2687 tubis
429 2630 890 2706 quodammodo
930 2631 1282 2689 tribuentes.
1327 2633 1402 2690 Ut
1440 2654 1610 2692 novae
1642 2636 1817 2692 series
1856 2635 2210 2692 cellularum
2242 2655 2339 2691 ra—

222 2729 521 2787 diantium
542 2741 906 2806 generantur
923 2777 937 2802 ,
969 2750 1038 2786 ex
1064 2732 1452 2789 inferioribus
1476 2734 1690 2790 eodem
1718 2734 1903 2790 modo
1932 2734 2159 2791 radices
2190 2754 2341 2791 con-

222 2904 430 2944 Confervae
444 2903 596 2959 species
615 2904 747 2958 plures
764 2903 815 2943 ad
835 2903 967 2958 ipsum
986 2914 1114 2959 genus
1132 2903 1305 2944 Ceramii
1322 2904 1519 2944 translatae
1535 2904 1693 2945 fuerunt
1707 2904 1815 2959 (vide
1830 2904 1968 2962 Βονγ,
1984 2907 2118 2946 Motae
2133 2918 2173 2951 n,
2192 2902 2337 2958 4502.)

222 2984 268 3021 In
291 2994 412 3037 opere
429 2980 699 3021 recentissimo
718 2980 926 3022 Decaisnei
942 2980 1058 3021 nobis
1072 2980 1167 3021 vitio
1187 2979 1367 3031 vertitur,
1387 2982 1495 3034 quod
1515 2981 1733 3036 Siphoneas
1751 2986 1786 3024 U
1791 2982 1937 3023 lvaceis
1956 2982 2092 3027 affines
2115 2981 2337 3036 posuimus,

222 3071 347 3112 quum
370 3058 587 3098 seeundum
621 3059 706 3103 Cel,
729 3065 936 3099 auctorum
958 3056 1010 3099 ad
1027 3055 1259 3098 Ftccoideas
1278 3053 1449 3109 'nostras,
1468 3060 1548 3099 sive
1572 3061 1845 3116 Aplosporeas
1875 3059 2083 3101 Decaisnei
2113 3057 2340 3114 pertineant

222 3159 281 3167 --
294 3135 545 3177 suadentibus
565 3135 630 3178 hic
645 3150 809 3194 quoque
823 3136 1057 3193 coniocystis
1076 3135 1327 3194 Bryopsidis
1344 3135 1616 3177 Balbisianae.
1629 3135 1773 3186 Nobis,
1786 3150 1953 3190 quorum
1975 3136 2189 3190 praecordia
2210 3133 2339 3189 pejori

225 3214 309 3255 luto
336 3212 454 3256 finxit
473 3217 600 3264 Deus,
622 3213 684 3254 hae
712 3227 848 3256 omnes
869 3214 1078 3256 affinitates
1094 3228 1238 3287 parum
1259 3215 1436 3267 elucent,
1454 3227 1526 3255 nec
1553 3221 1694 3255 eontra
1729 3213 1816 3254 illas
1852 3213 2048 3254 disserere
2070 3215 2192 3254 nobis
2217 3227 2342 3268 opere

223 3291 403 3346 pretium
429 3292 519 3333 erit.
541 3291 662 3344 Quod
689 3292 831 3333 attinet
845 3291 1082 3334 affinitatem
1103 3292 1388 3347 Siphonearum
1407 3305 1499 3332 eum
1521 3290 1728 3332 Fncoideis
1759 3290 1879 3331 verbo
1903 3289 2095 3330 sufficiat:
2115 3292 2163 3343 si,
2186 3289 2339 3331 ratione

224 3370 332 3411 nulla
352 3369 480 3410 dubiae
503 3377 652 3410 naturae
671 3371 988 3426 coniocystarum
1010 3369 1268 3428 Bryopsidz's
1290 3369 1550 3411 Balbisianoe
1571 3368 1725 3419 habita,
1743 3368 2024 3410 observatione
2041 3370 2162 3410 immo
2185 3366 2339 3423 proba-

226 3454 308 3486 tum
334 3445 453 3487 fuisse
483 3447 768 3494 existimemus,
796 3459 883 3487 esse
907 3459 1045 3501 sporas
1069 3448 1108 3487 in
1129 3446 1206 3487 illis
1222 3460 1362 3488 revera
1383 3453 1615 3496 contentas;
1637 3447 1761 3500 quare
1781 3444 2018 3487 affinitatem
2039 3446 2165 3498 magis
2188 3443 2332 3498 Sipho-

225 3536 390 3564 nearum
423 3536 544 3577 quam
574 3523 739 3564 aliarum
766 3526 1100 3578 Zoospermarum
1134 3538 1225 3564 cum
1257 3523 1517 3579 Aplosporeis
1551 3521 1637 3564 haec
1668 3536 1816 3577 organa
1838 3523 2042 3579 probant?
2074 3520 2336 3562 Decaisneum

226 3598 364 3653 fugere
381 3613 462 3640 non
482 3601 632 3655 potuit,
659 3613 808 3655 organa
827 3600 1117 3656 Siphonearum
1141 3601 1320 3656 analoga,
1340 3602 1477 3643 saltem
1498 3599 1637 3656 quoad
1656 3609 1867 3657 aspectum
1886 3609 2097 3642 externum
2113 3627 2123 3645 ‚
2150 3610 2230 3651 quo
2253 3603 2336 3636 tota

226 3663 370 3717 nititur
386 3686 527 3720 nostra
555 3676 752 3720 hodierna
774 3679 952 3734 cognitio
981 3678 1128 3721 horum
1153 3692 1398 3734 organorum
1418 3705 1432 3732 ‚
1449 3678 1490 3721 in
1513 3674 1700 3719 omnihus
1724 3677 1807 3720 fere
1824 3681 2149 3733 Zoospermarum
2170 3672 2336 3716 familiis

225 3753 454 3807 jamdudum
480 3758 654 3809 cognitas
683 3770 776 3798 esse.
