2508 4022
1092 257 1172 269 ....
1212 224 1291 282 90
1332 257 1412 269 .-

195 344 394 420 planae
424 354 530 399 aut
569 342 1344 420 cylindraceo-compressae,
1378 364 1659 415 carnosae,
1702 346 2293 421 vinoso-purpureae,

196 443 512 517 simplices,
542 441 693 500 fissae
721 454 829 500 aut
868 443 1253 502 dichotomae.
1880 430 1882 432 .

275 543 496 598 Plantae
524 541 711 618 hujus
742 546 968 620 generis
999 564 1141 600 curn
1168 543 1541 625 Halymenia
1567 546 1674 601 diu
1705 544 2061 619 conjunctae,
2093 548 2297 621 potius

197 638 658 720 Gloiosiphonioe
685 654 743 700 et
783 644 1130 702 Nemalioni
1168 645 1370 701 affines
1414 647 1565 702 mihi
1591 645 1891 702 videntur.
1927 646 1968 702 A
2004 644 2300 724 Halyme-

190 743 300 798 nia
325 741 664 801 differunt:
695 755 877 801 strato
914 746 1148 802 interno
1190 744 1302 802 filis
1351 745 1731 803 densioribus
1772 747 2138 813 constitut03
2179 746 2299 802 cel-

188 839 329 899 lulae
368 862 602 919 magnae
638 855 1168 915 anastomosantes‚
1208 865 1344 921 quae
1380 845 1439 902 in
1483 843 1862 925 Halymenia
1903 854 2159 902 stratum
2202 846 2298 901 in-

189 950 435 998 ternum
467 943 748 1014 limitant‚
783 945 843 1000 in
877 950 1257 1002 Nemostoma
1286 945 1723 1016 desiderantur,
1764 944 1852 1001 vel
1874 945 2096 1001 rectius
2125 965 2158 999 a
2185 942 2299 1001 filis

190 1041 699 1099 moniliformibus
729 1044 806 1099 ita
838 1064 1055 1120 parum
1086 1045 1380 1100 diametro
1407 1045 1769 1121 discrepant,
1806 1054 1876 1106 ut
1906 1044 2130 1099 horum
2163 1043 2300 1099 arti·

189 1141 310 1197 culi
357 1141 658 1200 inferiores
704 1154 939 1201 tantum
969 1146 1419 1216 existimantur;
1462 1145 1594 1201 loco
1633 1145 1989 1201 cellularum
2032 1143 2301 1218 granuli-

188 1241 505 1311 formium‚
561 1262 694 1318 quae
748 1244 807 1298 in
860 1243 1235 1323 Halymem’a
1290 1244 1527 1300 cellulas
1588 1252 2094 1299 anastomosantcs
2150 1262 2301 1317 saepe

189 1349 426 1396 externe
458 1352 689 1417 tegunt,
716 1343 945 1400 cellulae
969 1346 1091 1401 istae
1122 1345 1181 1399 in
1208 1347 1588 1400 Nemostoma
1608 1346 1667 1400 in
1695 1340 1794 1398 fila
1822 1343 2303 1398 articulato-mo-

189 1439 513 1497 niliformia
535 1454 887 1500 excrescunt
911 1454 967 1499 et
992 1443 1193 1498 frondi
1221 1462 1532 1498 carnosum
1564 1441 1964 1498 substantiam
1992 1441 2296 1497 tribuunt.

189 1537 373 1597 Ortus
400 1539 663 1616 denique
690 1562 1005 1617 sporarum
1039 1544 1097 1598 in
1130 1551 1391 1616 utroque
1417 1561 1629 1617 genere
1671 1542 1870 1595 forsan
1904 1540 2197 1597 diversus.
2232 1539 2302 1595 In

190 1644 568 1698 Nemostoma
622 1662 810 1717 sporae
865 1643 1007 1698 oriri
1050 1641 1332 1697 videntur
1397 1641 1710 1716 morphosi
1762 1638 2009 1694 filorum
2053 1639 2303 1695 monili-

187 1740 501 1808 formium‚
532 1750 590 1795 et
617 1741 911 1797 favellidia
941 1740 1222 1817 juvenilia
1250 1740 1365 1797 filis
1393 1739 1905 1796 moniliformibus
1934 1739 2304 1814 amplecten-

187 1839 351 1896 tibus
387 1851 444 1896 et
491 1861 689 1897 versus
742 1840 1121 1916 superficiem
1175 1841 1400 1898 frondis
1449 1839 1915 1895 conniventibus
1963 1849 2299 1914 teguntur3

188 1943 374 2015 sporis
403 1944 652 2000 maturis
685 1942 783 1999 fila
823 1943 1246 1999 moniliformia
1282 1943 1570 1999 secedunt
1595 1953 1653 1999 et
1682 1952 1964 2016 apertura
1991 1942 2047 1995 in
2073 1961 2301 2016 super-

191 2040 323 2098 ficie.
360 2044 587 2101 frondis
624 2047 937 2100 formatur.
968 2046 1035 2100 ln
1072 2045 1447 2124 Halymenia
1469 2056 1676 2101 contra
1714 2064 1916 2119 sporas
1948 2064 2301 2101 numerosas

189 2143 250 2198 in
278 2143 554 2198 interiore
604 2144 830 2201 cellulae
865 2165 1091 2220 inagna}
1149 2145 1290 2200 oriri
1332 2145 1498 2200 facile
1543 2146 1875 2217 putaveris,
1920 2153 1977 2198 et
2012 2142 2303 2200 favellidia

190 2251 428 2297 matura
485 2263 687 2318 sporas
748 2245 900 2299 intra
954 2244 1265 2301 sacculum
1315 2242 1628 2319 hyalinum
1682 2243 1909 2300 cellulae
1975 2243 2304 2299 arctissime

188 2339 394 2396 adhuc
422 2340 681 2398 inclusas
705 2352 764 2397 et
804 2341 1155 2417 conjunctas
1192 2343 1465 2399 emittere
1503 2342 1881 2399 crediderim.

269 2546 300 2576 *
329 2545 579 2604 Fronde
613 2546 811 2626 plana
833 2548 1275 2628 integrz‘ascula
1301 2571 1316 2606 .·
1346 2547 1579 2608 Iridoea
1602 2555 1764 2628 Bory
1789 2551 1948 2605 Dice.
1982 2547 2068 2606 Cl.
2103 2559 2216 2605 etc,

199 2740 328 2799 17¹·
366 2727 445 2779 N.
479 2726 676 2780 minor
709 2722 843 2781 nob.
886 2745 900 2779 ε
950 2723 1163 2780 fronde
1197 2726 1434 2781 minuta
1474 2723 1726 2780 obovata
1771 2725 1833 2779 in
1874 2725 2139 2799 stipitem
2192 2743 2303 2780 cu-

273 2825 495 2878 neatim
523 2833 854 2895 attenuata,
889 2844 1147 2900 superne
1174 2823 1439 2900 denique
1471 2823 1630 2895 fissa,
1665 2824 1931 2900 margine
1962 2824 2292 2881 crenulata.

353 3015 434 3066 H.
466 3008 662 3067 edalis
683 3030 791 3067 var
818 3010 872 3081 β.
900 3010 1102 3067 media
1129 3011 1254 3089 Ag.
1280 3030 1365 3089 Sp.
1398 3010 1543 3090 Alg.
1583 3032 1645 3089 p.
1683 3013 1817 3070 205.
1858 3011 2010 3069 excl.
2046 3032 2177 3090 syn.

262 3171 389 3218 Hab.
421 3174 470 3218 in
499 3174 619 3220 mari
644 3174 1004 3222 Mediterraneo
1030 3175 1088 3221 ad
1113 3175 1352 3238 Malagam
1375 3173 1645 3222 Hoenseler!

277 3319 432 3377 Cum
461 3322 651 3378 forma
686 3324 899 3398 majori
928 3324 1077 3382 Hal.
1103 3323 1441 3405 renfformis
1463 3324 1616 3381 male
1640 3326 1908 3394 confusa,
1937 3335 1996 3381 et
2024 3324 2096 3379 ad
2114 3343 2300 3401 genus

197 3426 597 3478 Nemostomoe
647 3434 803 3479 certe
841 3425 1157 3498 pertinens.
1204 3426 1249 3481 A
1293 3430 1376 3482 H.
1433 3421 1603 3480 edali
1658 3424 2071 3499 magnitudine
2132 3422 2300 3478 facile

195 3520 609 3596 distinguitur.
639 3520 790 3579 Hal.
831 3527 1182 3601 marginata
1221 3523 1474 3581 Rozcssel
1515 3533 1572 3579 et
1607 3521 1752 3581 Hal.
1799 3521 2008 3596 Dabri
2048 3522 2300 3591 Clzaav„

199 3637 333 3692 quae
362 3623 561 3694 generi
590 3623 869 3696 praesenti
905 3641 1154 3699 quoque
1187 3624 1481 3700 pertinere
1508 3623 1809 3693 videntur,
1836 3623 2027 3679 forma
2055 3621 2300 3679 diversae

196 3718 501 3778 dicuntur.
