2508 4022
1087 248 1405 305 -82-

201 372 529 451 quentibus
568 372 935 429 sectionibus
970 384 1238 429 ramenta
1273 374 1521 428 omnino
1560 374 2061 431 transformantur
2101 383 2159 430 et
2186 374 2300 432 sub

199 476 389 530 forma
422 472 780 528 cellularum
808 473 1174 530 radiantium
1212 483 1450 529 tantum
1494 473 1841 529 obveniunt.
1878 474 2131 530 Fructus
2161 494 2306 550 cap-

196 571 405 627 sularis
430 572 488 626 in
506 552 817 628 Cerami‘eis
838 583 896 629 et
921 573 1359 652 Ctyssptonemeis
1386 573 1502 627 sere
1527 573 1716 639 idem3
1740 573 2146 648 perisporium
2168 584 2303 630 tan-

194 684 326 728 tum
354 671 416 726 in
442 671 554 729 illis
579 673 765 747 magis
792 671 996 728 laxum
1021 683 1079 728 et
1116 669 1734 747 submucilaginosum
1756 716 1769 742 ,
1810 672 1870 727 in
1892 672 1983 730 his
2006 684 2166 730 arcte
2191 673 2305 729 ad-

190 791 462 845 pressum
489 781 547 827 et
571 791 725 847 saepe
750 772 1215 828 tenacissimum.

266 871 488 929 Plantae
509 916 523 942 ,
565 891 715 947 quas
738 872 982 926 nomine
1008 868 1565 949 Cryptonemearzcm
1600 870 1923 947 conjunxi,
1965 873 2130 948 apud
2156 893 2301 929 auc-

184 981 338 1027 tores
383 972 441 1026 in
493 972 698 1045 plures
736 971 987 1027 familias
1031 969 1303 1048 dispersae
1343 972 1608 1027 suerunt.
1657 967 2083 1029 Gloiocladeas
2115 977 2302 1030 Harv.

181 1070 708 1151 Spongiocarpeczs
730 1082 785 1126 et
813 1066 1315 1147 Gasterocarpeas
1347 1071 1519 1126 (ἶνες).
1550 1082 1604 1126 et
1632 1084 1858 1146 partem
1877 1070 2304 1130 Floridearum

181 1171 367 1246 hujus
409 1171 924 1246 complectuntur.
970 1170 1101 1245 lpse
1135 1171 1190 1225 in
1225 1171 1410 1245 priori
1445 1169 1828 1244 dispositione
1869 1169 2094 1251 (Symb.
2119 1194 2180 1250 p.
2235 1192 2293 1229 11

178 1270 439 1348 etsequ.)
456 1270 626 1345 plura
647 1290 859 1345 genera
885 1270 1038 1326 inter
1058 1267 1655 1346 Splzoerococcoideczs
1679 1291 2101 1343 assumseram,
2125 1273 2301 1329 aliam

177 1380 377 1424 tamen
405 1389 695 1444 generum
718 1369 1132 1424 limitationem
1152 1414 1165 1438 ,
1193 1378 1339 1423 tunc
1376 1369 1648 1423 nondum
1676 1370 1828 1425 mihi
1857 1370 2080 1427 claram
2109 1417 2123 1442 ,
2155 1391 2296 1446 prae·

176 1469 406 1525 dicans,
450 1469 1019 1545 Sphaerosporarum
1044 1468 1314 1522 fructum
1343 1468 1401 1522 in
1428 1467 1631 1523 multis
1664 1469 1992 1543 generibus
2018 1470 2299 1528 nondum

174 1568 482 1627 detectum
510 1590 657 1635 esse,
684 1567 1128 1641 dicerejustum
1153 1568 1288 1637 crit,
1312 1577 1369 1622 et
1393 1566 1535 1621 hinc
1558 1565 1764 1624 locum
1792 1570 1946 1625 inter
1975 1569 2303 1628 Florideas

173 1671 450 1726 nondum
497 1668 831 1726 stabilitum
871 1666 1232 1724 considerari
1277 1686 1462 1741 posse.
1514 1665 1833 1723 Structura
1874 1664 2307 1727 Gloiocladea-

172 1789 307 1826 rum
322 1789 572 1846 quoque
586 1788 729 1826 cum
754 1766 1136 1827 Chordarieis
1148 1786 1506 1842 magnopere
1524 1768 1823 1837 convenit,
1844 1778 1901 1824 et
1914 1768 2028 1824 hac
2049 1769 2294 1838 ductus,

174 1870 402 1926 horum
429 1869 705 1927 tribuum
733 1868 1080 1925 affinitatem
1121 1868 1245 1942 ipse
1276 1876 1448 1922 antea
1471 1868 1701 1940 agnovi.
1736 1867 2070 1923 Fructuum
2097 1879 2298 1924 autem

173 1991 318 2026 cum
347 1969 589 2027 Favellis
618 1967 1024 2026 Ceramiorum
1061 1967 1518 2024 similitudinem
1546 1966 1940 2042 perpendenti
1967 2012 1981 2037 ,
2022 1978 2079 2023 et
2104 1978 2297 2024 totam

175 2071 386 2125 seriem
417 2069 715 2126 memoria
737 2068 1049 2144 repetenti,
1074 2077 1142 2122 ut
1166 2087 1199 2121 a
1238 2063 1645 2123 Gloiocladeis
1685 2065 1742 2121 in
1773 2070 2218 2123 Nemostomeas
2241 2077 2299 2123 et

174 2189 243 2224 ex
262 2170 351 2225 his
368 2171 426 2224 in
452 2173 961 2246 Gasterocczrpeas
978 2178 1033 2223 et
1049 2167 1220 2244 plura
1237 2187 1449 2243 genera
1476 2166 1552 2222 ad
1579 2164 2173 2244 Sphoerococcoideas
2193 2189 2299 2224 an-

173 2280 266 2325 tea
294 2270 477 2326 relata
504 2271 714 2325 transit
733 2279 1126 2337 structura,et
1150 2269 1336 2324 immo
1360 2267 1799 2343 sphaerosporas
1819 2269 1878 2323 in
1909 2267 2187 2343 pluribus
2205 2289 2298 2343 ge-

173 2366 421 2423 neribus
463 2368 626 2424 haud
654 2366 1005 2425 divellendis
1041 2365 1284 2442 jamjam
1307 2386 1428 2422 esse
1454 2367 1713 2422 detectas
1746 2367 2169 2438 consideranti,
2201 2368 2295 2424 vix

174 2467 439 2523 dubium
465 2467 616 2522 mihi
645 2467 905 2536 videtur,
940 2467 1088 2542 quin
1112 2467 1169 2520 in
1196 2466 1399 2521 ceteris
1440 2485 1686 2541 quoque
1723 2466 2298 2543 Cryptonemearum

173 2566 494 2641 generibus
522 2568 955 2643 sphaerosporae
978 2565 1324 2641 detegendae
1339 2566 1475 2635 sint,
1499 2567 1700 2622 locum
1720 2577 1954 2623 certum
1981 2569 2136 2623 inter
2163 2567 2293 2622 Flo-

172 2666 365 2723 rideas
389 2667 480 2723 his
503 2668 720 2743 plantis
754 2666 1142 2722 vindicantes.

257 2765 396 2835 Quo
432 2767 773 2822 charactere
804 2762 1315 2843 Gaslerocarpeas
1340 2766 1828 2843 circumscriptas
1859 2766 1986 2822 vult
2019 2767 2293 2823 Decaisne

177 2867 416 2942 ignom,
450 2885 646 2941 quum
691 2867 804 2922 illis
848 2871 1200 2944 Hypnecmz,
1244 2863 1613 2921 Chondriam
1656 2876 1714 2921 ct
1755 2863 1817 2915 A
1823 2863 2292 2943 canthophoram

177 2965 895 3040 adnumeraverit-—quae
924 2985 1019 3019 me
1041 2965 1247 3038 judice
1280 2963 1451 3038 longe
1475 2964 1720 3019 (liversis
1764 2964 2131 3020 sectionibus
2153 2984 2290 3039 per—

179 3066 370 3122 tinent
413 3092 523 3133 -3
554 3077 611 3121 et
636 3065 713 3120 de
759 3063 1050 3141 Clzampia
1074 3063 1252 3119 verba
1288 3064 1506 3118 faciens
1538 3062 1615 3139 (p.
1653 3062 1786 3139 180)
1816 3063 1973 3117 illam
2006 3066 2292 3119 Gastero-

179 3167 412 3242 carpeis
433 3164 957 3221 adnumerandam
976 3185 1120 3232 esse,
1148 3173 1357 3238 utpote
1379 3162 1822 3238 sphaerosporas
1852 3163 1909 3218 in
1934 3161 2211 3219 interiore
2230 3173 2290 3219 et

181 3285 385 3322 versus
423 3265 654 3340 apicem
702 3265 1082 3321 ramulorum
1126 3283 1354 3339 sparsas
1400 3274 1701 3337 gerentem
1736 3296 1809 3304 —
1850 3263 2178 3333 character,
2227 3263 2286 3317 ni

186 3362 382 3434 fallor,
430 3368 488 3421 F
492 3360 736 3419 lorideis
779 3363 1062 3420 omnibus
1111 3363 1498 3420 inarticulatis
1555 3360 2290 3420 communis—animad-

184 3465 440 3520 verterit.

274 3563 847 3640 Cryptonemearum
872 3562 1335 3620 subdivisionem
1374 3561 1664 3636 aptiorem
1706 3561 2135 3638 sphaerosporae
2181 3560 2288 3616 de-

191 3672 362 3718 tectae
389 3672 446 3717 et
471 3663 788 3720 Favellidia
830 3662 1043 3718 melius
1070 3663 1305 3738 cognita
1325 3662 1516 3716 forsan
1549 3661 1692 3716 olim
1717 3660 1972 3716 dabunt.
2002 3659 2068 3713 In
2102 3658 2288 3716 Idaeas

189 3771 395 3820 autem
418 3773 589 3821 antea
612 3764 687 3821 de
712 3763 1051 3823 diversitate
1073 3763 1409 3821 sectionum
1439 3759 1808 3820 diversarum
1837 3768 2102 3836 receptas
2130 3777 2290 3836 quo-
