2508 4022
1115 190 1432 246 —11—

303 309 446 367 Obs.
474 308 680 367 Plures
706 311 928 386 species
949 308 1337 369 Oscillatoriae
1349 316 1593 371 marinae
1617 316 1942 388 dicuntum
1973 335 2169 393 quum
2192 337 2327 374 vero

222 408 335 484 ipsi
370 407 563 465 nullas
599 408 756 466 vivas
788 409 1049 466 marinas
1089 411 1372 484 vidimus,
1404 411 1682 490 algologis
1723 416 1785 471 in
1820 416 1954 473 loco
1991 417 2329 474 viventibus

222 507 682 565 illustrationem
708 508 931 564 harum
955 507 1307 583 plantarum
1332 509 1830 571 difficillimarum
1866 515 2141 592 linquere
2167 516 2333 592 cogi-

223 625 381 663 mur.
408 605 498 663 Ita
523 608 704 663 etiam
726 607 950 683 species
974 608 1255 683 quaedam
1279 607 1781 686 Scytonematisin
1804 616 1956 671 mari
1973 614 2327 689 obveniunt;

222 705 325 762 sed
349 725 535 783 genus
561 726 762 764 revera
785 725 963 782 aquae
998 707 1192 766 dulcis
1217 709 1315 766 hic
1347 709 1624 767 omittere
1649 730 1819 786 posse
1848 714 2243 772 credidimus,

788 914 840 952 v.
880 895 1164 954 LYNYBYA
1188 897 1316 975 Ag.
1352 909 1496 973 syst.
1536 896 1708 977 11:37.

225 1092 279 1151 7.
316 1078 381 1132 L.
405 1072 732 1153 semiplena
754 1072 889 1133 nob.
922 1073 1246 1134 Calothrix
1272 1076 1601 1155 semiplena
1631 1078 1756 1157 Ag.
1776 1077 1842 1136 A
1845 1075 1965 1157 afz.
1994 1100 2051 1134 η.
2075 1078 2169 1151 40.

292 1219 414 1268 Hab.
444 1220 504 1267 ad
522 1235 637 1268 saxa
660 1221 711 1267 in
737 1222 844 1286 ipso
866 1220 1022 1268 limite
1050 1223 1201 1269 maris
1216 1223 1510 1285 Tergestini.
1540 1220 1601 1274 C.
1630 1224 1676 1271 A
1681 1219 1871 1286 gardh!

226 1353 279 1408 8.
325 1355 389 1409 L.
429 1349 774 1430 lateofusca
795 1348 932 1412 nob.
987 1350 1305 1412 Calotlzrix
1333 1351 1676 1432 lateosasca
1715 1354 1841 1433 Ag.
1864 1350 2033 1434 aasz.
2063 1373 2122 1409 n.
2154 1352 2249 1423 41.

293 1497 422 1545 Hab.
445 1497 506 1545 ad
530 1512 645 1545 saxa
665 1505 715 1544 et
737 1499 787 1545 in
807 1497 1097 1546 scrobiculis
1119 1514 1243 1561 aqua
1270 1499 1353 1546 vix
1373 1498 1662 1563 superfusis,
1689 1500 1740 1544 in
1766 1499 1962 1564 caepites
1988 1499 2206 1545 minutos
2229 1498 2336 1544 col-

228 1583 373 1645 lecta,
407 1583 466 1631 ad
479 1586 790 1646 Tergestum.
823 1582 888 1634 C.
915 1584 961 1631 A
966 1584 1146 1647 gardlz3
1181 1584 1243 1632 ad
1268 1584 1553 1637 Massiliam.
1578 1581 1696 1646 Ipse.

226 1732 283 1789 9.
322 1716 387 1772 L.
427 1710 837 1792 confervoides
866 1713 992 1792 Ag.
1028 1725 1172 1793 syst.
1205 1733 1265 1791 p.
1303 1710 1401 1789 73.

291 1857 423 1906 Hab.
450 1857 510 1904 ad
540 1856 728 1922 lapides
765 1871 878 1904 rora
899 1857 1147 1904 undarum
1174 1858 1495 1922 superfusos3
1524 1873 1680 1923 prope
1707 1859 1977 1907 Massiliam
2009 1859 2135 1922 legi!
2161 1860 2219 1906 ab
2249 1859 2338 1906 hac

224 1946 310 1992 vix
334 1944 481 1992 distat
499 1945 553 1991 L.
582 1944 782 1992 olivacea
798 1943 1013 1993 Zanard.
1036 1959 1195 2010 prope
1218 1947 1511 2007 Tergestum
1535 1945 1677 1993 lecta.

236 2095 323 2135 ιο.
369 2080 434 2134 L.
472 2077 671 2155 crispa
711 2076 840 2155 Ag.
873 2087 1018 2156 syn.
1047 2097 1106 2155 p.
1142 2076 1237 2155 74.

291 2223 422 2273 Hah.
448 2223 507 2270 ad
535 2223 652 2271 alias
673 2224 865 2289 plantas
889 2224 1186 2289 plerumque
1207 2226 1418 2288 parasita
1436 2258 1451 2284 ,
1498 2224 1710 2288 denique
1757 2225 1807 2271 in
1848 2231 2060 2271 stratum
2101 2223 2342 2272 fluctuans

223 2311 474 2371 intricata,
523 2312 574 2357 in
610 2319 821 2373 utroque
869 2312 994 2358 mari
1034 2310 1362 2374 tranquilliori
1387 2326 1666 2376 parumque
1706 2310 1994 2376 prosund0;
2025 2311 2084 2357 ad
2109 2311 2178 2359 St.
2215 2312 2339 2358 Hos-

223 2398 332 2462 pice
356 2412 513 2462 prope
530 2390 754 2445 Nicaeam
782 2396 1094 2460 frequentem
1117 2398 1247 2461 legi3
1279 2413 1340 2444 ex
1367 2398 1590 2457 Corsica,
1617 2397 1834 2444 Leveille'.

232 2547 320 2586 11.
356 2533 424 2586 L.
440 2525 813 2608 ferruginea
847 2528 972 2608 Ag.
999 2541 1141 2608 syst.
1179 2550 1244 2607 p.
1287 2529 1382 2607 75.

292 2671 422 2722 Hab.
447 2673 500 2720 in
526 2671 692 2720 salinis
716 2672 1031 2735 Tergestinis,
1065 2671 1322 2720 Biasoletto
1343 2670 1364 2718 !

760 2884 834 2924 v1.
882 2866 1214 2926 CALoTme
1241 2869 1373 2949 Ag.
1404 2881 1547 2950 syst.
1581 2890 1640 2928 η.
1681 2868 1776 2926 36.

236 3057 323 3096 12.
370 3042 432 3097 C.
455 3036 777 3117 pulvinata
802 3038 926 3118 Ag.
957 3035 1143 3119 Aasz.
1172 3060 1236 3118 p.
1278 3059 1363 3096 11.

296 3163 428 3212 Hah.
453 3165 504 3211 in
530 3163 682 3229 paleis
707 3165 925 3223 Fusinae,
959 3160 1018 3211 C.
1043 3164 1236 3227 Agardk
1256 3161 1278 3210 !

1094 3328 1533 3416 Inquirendaet

236 3500 326 3558 13.
373 3503 436 3558 C.
468 3496 780 3557 stellulata
830 3496 1105 3558 Zanard.
1164 3499 1240 3556 ad
1289 3504 1351 3560 C.
1403 3497 1866 3580 confervicolam
1912 3496 2192 3554 accedere
2250 3497 2337 3553 vi·-

309 3599 504 3659 detur.

244 3701 331 3774 ¹4·
384 3706 447 3760 C.
516 3701 840 3780 variegata
898 3698 1173 3761 Zanard.
1230 3701 1380 3760 mihi
1441 3702 1672 3778 ignota;
1707 3701 1766 3756 in
1820 3698 2146 3774 specimine
2195 3697 2338 3755 dato
