2508 4022
1067 256 1149 268 —-
1191 243 1272 282 vll
1315 237 1394 268 ὲ-

262 343 471 414 Quum
496 344 677 402 breve
716 354 956 401 tantum
983 354 1228 422 tempus
1266 347 1708 404 observationes
1737 345 2040 423 redigendi
2073 346 2208 417 fuit,
2239 357 2296 402 et

181 466 381 523 aditus
434 465 508 522 ad
551 463 982 523 Bibliothecam
1036 465 1315 523 ditiorem
1372 465 1486 522 sub
1530 466 1737 523 itinere
1787 486 1920 522 raro
1974 467 2194 542 patuit‚
2238 466 2298 520 in

183 592 533 670 synonymia
589 612 804 669 parcus
834 593 944 663 fui,
978 594 1070 651 vix
1101 592 1212 649 alia
1235 589 1488 648 afferens
1538 610 1895 668 synonyma,
1931 610 2116 667 quam
2163 609 2297 665 quae

184 717 618 792 speciminibus
649 717 803 773 mihi
844 718 1253 780 innotuerant.
1297 716 1451 772 Hinc
1482 735 1592 772 nec
1627 735 1781 791 opus
1821 716 2301 773 recentissimum

178 839 633 908 Harveyanum,
664 836 775 895 nisi
809 836 937 913 jam
975 838 1088 895 sub
1122 837 1289 915 prelo
1327 835 1582 893 sudante
1624 844 1850 904 nostre,
1880 835 2079 891 videre
2105 833 2298 905 licuit⁷

178 953 340 1010 unde
383 974 414 1012 e
456 954 663 1012 multis
717 955 968 1027 eximiis,
1028 956 1196 1031 quod
1239 957 1526 1026 continet,
1575 954 1727 1012 nihil
1775 954 1947 1012 nobis
1994 955 2295 1013 vindicare

186 1076 588 1149 potuerimus.
617 1075 896 1132 Attamen
935 1085 1285 1134 nostrarum
1314 1074 1513 1133 forsan
1542 1095 1783 1133 summa
1812 1074 1942 1132 laus
1967 1076 2108 1151 erit,
2138 1075 2306 1154 quod

179 1202 240 1258 in
292 1203 501 1260 multis
543 1223 688 1260 cum
738 1201 843 1260 illo
886 1213 1323 1279 congruentem
1385 1203 1738 1279 opinionem
1787 1223 2100 1279 expressus
2144 1223 2301 1260 sum,

274 1327 498 1386 Contra
523 1330 692 1387 aliud
725 1350 999 1408 quoque,
1026 1329 1193 1406 quod
1220 1329 1393 1385 nobis
1414 1330 1613 1386 forsan
1644 1329 1784 1386 vitio
1812 1328 2085 1394 *vertituln¹
2117 1347 2310 1404 pauca

184 1459 619 1533 praemonenda
663 1457 884 1515 habeo,
917 1458 988 1514 In
1016 1458 1225 1515 multis
1254 1468 1312 1514 et
1335 1458 1640 1533 praecipue
1673 1455 2112 1531 physiologicis,
2141 1466 2210 1512 ut
2238 1454 2311 1510 de

186 1587 494 1635 structura
521 1588 579 1634 et
601 1578 962 1635 formatione
985 1577 1273 1652 partium,
1298 1574 1373 1630 de
1397 1574 1815 1631 functionibus
1836 1585 1894 1631 et
1917 1573 2112 1631 valore
2139 1592 2311 1649 orga-³

187 1710 414 1747 norum
462 1689 968 1762 fructificationiS‚
1010 1690 1085 1746 ab
1136 1690 1298 1747 idaeis
1340 1689 1449 1746 diu
1487 1689 1741 1764 receptis
1792 1707 1946 1764 saepe
1990 1686 2212 1759 recedi,
2256 1696 2314 1742 et

188 1815 698 1893 quandoquidem
726 1816 790 1872 in
815 1817 1004 1891 spatia
1033 1815 1110 1871 ab
1153 1814 1448 1892 Algologis
1488 1815 1766 1871 nondum
1807 1815 2037 1871 visitata
2084 1813 2313 1887 primos

188 1953 248 2000 at
277 1942 523 2000 timidos
547 1962 761 2019 passus
782 1963 968 2002 ausus
993 1962 1153 2000 sum.
1185 1940 1518 2019 Cupiditati
1540 1952 1779 1999 tantum
1806 1961 2102 1999 novarum
2130 1960 2226 1995 me
2253 1941 2314 1995 in

180 2060 273 2118 his
314 2061 637 2120 indulsisse
659 2064 965 2120 neminem
994 2061 1375 2119 crediturum
1397 2061 1525 2118 fore
1552 2080 1764 2136 spero;
1794 2078 1928 2136 quae
1954 2068 2116 2116 certa
2147 2068 2309 2123 sunt,

186 2200 446 2258 quaeque
494 2202 631 2240 meo
657 2181 884 2259 judicio
928 2186 1154 2240 incerta
1197 2192 1440 2239 tantum
1467 2181 1783 2257 indigitare
1809 2179 1996 2250 volui,
2033 2178 2316 2235 attentio-

181 2320 324 2356 nem
376 2300 834 2360 observatorum
862 2304 925 2358 in
965 2301 1126 2358 illam
1153 2301 1547 2359 directionem
1597 2301 1856 2379 dirigens
1894 2312 1954 2358 et
1973 2301 2178 2357 omnia
2205 2299 2314 2355 du-

183 2418 319 2490 bia,
369 2440 506 2496 quae
545 2422 622 2478 ad
666 2442 792 2479 rem
819 2421 1086 2499 denique
1127 2421 1550 2479 illustrandam
1590 2421 1855 2479 conferre
1887 2421 2197 2498 potuerint
2241 2418 2300 2473 in

186 2546 482 2604 auxilium
503 2566 714 2605 meum
744 2568 980 2605 vocans.
1010 2549 1130 2607 Nec
1157 2547 1594 2626 hypothesibus
1618 2559 1862 2605 tantum
1890 2546 2045 2623 vagis
2072 2546 2308 2622 opinio-

182 2684 324 2721 nem
372 2665 687 2742 propriam
733 2665 1013 2734 condidi3
1082 2666 1600 2725 observationibus
1667 2666 1906 2723 directis
1962 2665 2312 2742 opinionem

185 2788 439 2847 fundare
481 2802 540 2848 et
566 2790 755 2849 dubia
784 2791 1061 2850 decidere
1099 2812 1336 2868 semper
1377 2792 1623 2869 quaesivi
1640 2815 1656 2863 ,-
1698 2802 1756 2849 et
1775 2792 1821 2848 si
1848 2791 2005 2848 ultra
2032 2790 2315 2849 observa-

195 2911 422 2969 tionem
453 2913 960 2990 quandoquidem
984 2932 1336 2992 progressus
1364 2933 1501 2970 sum
1537 2911 1931 2969 directionem
1960 2913 2153 2988 sequi,
2190 2931 2312 2988 qua

188 3029 904 3109 observationespropriae
924 3034 1203 3091 animum
1226 3033 1681 3110 praesagientem
1700 3030 2094 3107 impellerent.
2118 3030 2217 3088 Est
2236 3031 2315 3086 in-

188 3157 343 3232 genii
383 3155 640 3215 humani
683 3160 1030 3218 communis
1074 3181 1216 3230 sors,
1266 3169 1336 3216 ut
1377 3159 1678 3235 influenti
1702 3159 1757 3216 vi
1794 3179 2033 3230 earum,
2081 3158 2306 3234 quibus

187 3287 530 3353 occupatur
554 3296 787 3356 rerum,
812 3279 875 3335 in
901 3299 1090 3337 unam
1113 3280 1204 3337 vel
1226 3280 1475 3336 alteram
1498 3278 1892 3335 directionem
1918 3277 2071 3344 abit3
2102 3295 2310 3332 meum

197 3419 447 3478 quoque
483 3405 660 3482 longo
694 3405 894 3464 studio
925 3404 1095 3482 Algas
1132 3406 1520 3484 amplecte11S‚
1547 3403 1842 3484 impulsui
1867 3406 2138 3482 ipsorum
2180 3414 2310 3463 stu-22

192 3519 439 3580 diorum
470 3525 674 3599 potius
700 3524 1017 3598 obediisse,
1058 3544 1246 3603 quam
1291 3524 1546 3582 aliorum
1574 3526 1818 3582 theoriis
1851 3533 2098 3599 raptum
2130 3523 2310 3580 fuisse

191 3647 255 3705 in
279 3668 490 3705 meum
514 3649 829 3711 defensum
849 3672 1062 3713 vocare
1078 3650 1257 3711 volui.
1280 3652 1353 3711 Et
1377 3652 1423 3710 si
1446 3673 1607 3710 meas
1642 3652 1817 3709 idaeas
1843 3650 1987 3707 olim
2022 3649 2310 3708 refutatas

194 3773 433 3848 videbo,
462 3797 530 3833 eo
554 3797 652 3836 me
684 3783 971 3855 consoler,
1004 3781 1172 3857 quod
1199 3775 1274 3836 ad
1302 3779 1610 3837 veritatem
1643 3773 2078 3834 enucleandam
2108 3778 2308 3835 forsan
2352 3829 2355 3831 ,
