<?xml version="1.0" encoding="UTF-8"?>
<!DOCTYPE html PUBLIC "-//W3C//DTD XHTML 1.0 Transitional//EN"
    "http://www.w3.org/TR/xhtml1/DTD/xhtml1-transitional.dtd">
<html xmlns="http://www.w3.org/1999/xhtml" xml:lang="en" lang="en">
 <head>
  <title>
</title>
<meta http-equiv="Content-Type" content="text/html;charset=utf-8" />
  <meta name='ocr-system' content='tesseract 3.04.00' />
  <meta name='ocr-capabilities' content='ocr_page ocr_carea ocr_par ocr_line ocrx_word'/>
</head>
<body>
  <div class='ocr_page' id='page_1' title='image "algaemarismedite00agar_0078.png"; bbox 0 0 2508 4022; ppageno 0'>
   <div class='ocr_carea' id='block_1_1' title="bbox 1095 203 1427 257">
    <p class='ocr_par' dir='ltr' id='par_1_1' title="bbox 1095 203 1427 257">
     <span class='ocr_line' id='line_1_1' title="bbox 1095 203 1427 257; baseline -0.006 -13"><span class='ocrx_word' id='word_1_1' title='bbox 1095 203 1427 257; x_wconf 62' lang='grc'><strong>,60-</strong></span> 
     </span>
    </p>
   </div>
   <div class='ocr_carea' id='block_1_2' title="bbox 208 315 2337 3773">
    <p class='ocr_par' dir='ltr' id='par_1_2' title="bbox 208 315 2337 3773">
     <span class='ocr_line' id='line_1_2' title="bbox 293 315 2304 402; baseline 0 -19"><span class='ocrx_word' id='word_1_2' title='bbox 293 342 355 386; x_wconf 82' lang='lat'><strong>2⁰</strong></span> <span class='ocrx_word' id='word_1_3' title='bbox 384 323 668 402; x_wconf 77' lang='lat' dir='ltr'><strong>Capsulae</strong></span> <span class='ocrx_word' id='word_1_4' title='bbox 703 334 844 381; x_wconf 88' lang='lat' dir='ltr'><strong>sunt</strong></span> <span class='ocrx_word' id='word_1_5' title='bbox 879 324 1111 380; x_wconf 85' lang='lat' dir='ltr'><strong>fructus</strong></span> <span class='ocrx_word' id='word_1_6' title='bbox 1155 322 1581 393; x_wconf 78' lang='lat' dir='ltr'><strong>Floiidearum,</strong></span> <span class='ocrx_word' id='word_1_7' title='bbox 1617 325 1762 397; x_wconf 88' lang='lat' dir='ltr'><strong>qui,</strong></span> <span class='ocrx_word' id='word_1_8' title='bbox 1809 315 2170 400; x_wconf 88' lang='lat' dir='ltr'><strong>plerumque</strong></span> <span class='ocrx_word' id='word_1_9' title='bbox 2205 347 2304 383; x_wconf 86' lang='lat' dir='ltr'><strong>ex·-</strong></span> 
     </span>
     <span class='ocr_line' id='line_1_3' title="bbox 212 421 2306 500; baseline -0.002 -15"><span class='ocrx_word' id='word_1_10' title='bbox 212 428 388 493; x_wconf 87' lang='lat' dir='ltr'><strong>terni,</strong></span> <span class='ocrx_word' id='word_1_11' title='bbox 416 430 568 480; x_wconf 88' lang='lat' dir='ltr'><strong>intra</strong></span> <span class='ocrx_word' id='word_1_12' title='bbox 605 421 1010 500; x_wconf 87' lang='lat' dir='ltr'><strong>pericarpium</strong></span> <span class='ocrx_word' id='word_1_13' title='bbox 1041 422 1195 477; x_wconf 88' lang='lat' dir='ltr'><strong>varie</strong></span> <span class='ocrx_word' id='word_1_14' title='bbox 1219 422 1552 478; x_wconf 86' lang='lat' dir='ltr'><strong>formatum</strong></span> <span class='ocrx_word' id='word_1_15' title='bbox 1585 441 1791 497; x_wconf 89' lang='lat' dir='ltr'><strong>sporas</strong></span> <span class='ocrx_word' id='word_1_16' title='bbox 1813 442 2029 499; x_wconf 83' lang='lat' dir='ltr'><strong>magno</strong></span> <span class='ocrx_word' id='word_1_17' title='bbox 2052 443 2306 481; x_wconf 87' lang='lat' dir='ltr'><strong>numero</strong></span> 
     </span>
     <span class='ocr_line' id='line_1_4' title="bbox 211 519 2310 597; baseline -0.001 -16"><span class='ocrx_word' id='word_1_18' title='bbox 211 524 482 582; x_wconf 87' lang='lat' dir='ltr'><strong>collectos</strong></span> <span class='ocrx_word' id='word_1_19' title='bbox 518 521 844 578; x_wconf 83' lang='lat' dir='ltr'><strong>continent.</strong></span> <span class='ocrx_word' id='word_1_20' title='bbox 887 521 1141 578; x_wconf 89' lang='lat' dir='ltr'><strong>Fructus</strong></span> <span class='ocrx_word' id='word_1_21' title='bbox 1181 519 1510 595; x_wconf 90' lang='lat' dir='ltr'><strong>capsularis</strong></span> <span class='ocrx_word' id='word_1_22' title='bbox 1559 531 1872 597; x_wconf 84' lang='lat' dir='ltr'><strong>sequentes</strong></span> <span class='ocrx_word' id='word_1_23' title='bbox 1908 520 2310 578; x_wconf 86' lang='lat' dir='ltr'><strong>modificatio-</strong></span> 
     </span>
     <span class='ocr_line' id='line_1_5' title="bbox 210 618 2311 699; baseline -0.001 -19"><span class='ocrx_word' id='word_1_24' title='bbox 210 644 308 680; x_wconf 88' lang='lat' dir='ltr'><strong>nes</strong></span> <span class='ocrx_word' id='word_1_25' title='bbox 345 625 405 679; x_wconf 91' lang='lat' dir='ltr'><strong>in</strong></span> <span class='ocrx_word' id='word_1_26' title='bbox 445 620 760 699; x_wconf 85' lang='lat' dir='ltr'><strong>generibus</strong></span> <span class='ocrx_word' id='word_1_27' title='bbox 799 621 1040 678; x_wconf 87' lang='lat' dir='ltr'><strong>diversis</strong></span> <span class='ocrx_word' id='word_1_28' title='bbox 1079 619 1490 675; x_wconf 86' lang='lat' dir='ltr'><strong>Floridearum</strong></span> <span class='ocrx_word' id='word_1_29' title='bbox 1527 618 1720 675; x_wconf 83' lang='lat' dir='ltr'><strong>offert.</strong></span> <span class='ocrx_word' id='word_1_30' title='bbox 1761 651 1840 662; x_wconf 92' lang='lat'><em>-</em></span> <span class='ocrx_word' id='word_1_31' title='bbox 1882 618 1949 675; x_wconf 90' lang='lat' dir='ltr'><strong>ln</strong></span> <span class='ocrx_word' id='word_1_32' title='bbox 1994 622 2311 679; x_wconf 78' lang='lat' dir='ltr'><strong>Ceramieis</strong></span> 
     </span>
     <span class='ocr_line' id='line_1_6' title="bbox 208 716 2311 796; baseline -0.002 -17"><span class='ocrx_word' id='word_1_33' title='bbox 208 731 440 779; x_wconf 88' lang='lat' dir='ltr'><strong>constat</strong></span> <span class='ocrx_word' id='word_1_34' title='bbox 463 720 794 796; x_wconf 89' lang='lat' dir='ltr'><strong>pericarpio</strong></span> <span class='ocrx_word' id='word_1_35' title='bbox 825 720 1063 796; x_wconf 82' lang='lat' dir='ltr'><strong>hyalino</strong></span> <span class='ocrx_word' id='word_1_36' title='bbox 1097 716 1571 793; x_wconf 82' lang='lat' dir='ltr'><strong>subgelatinOSO,</strong></span> <span class='ocrx_word' id='word_1_37' title='bbox 1603 719 1758 775; x_wconf 91' lang='lat' dir='ltr'><strong>intra</strong></span> <span class='ocrx_word' id='word_1_38' title='bbox 1794 719 1964 792; x_wconf 89' lang='lat' dir='ltr'><strong>quod</strong></span> <span class='ocrx_word' id='word_1_39' title='bbox 1986 738 2172 795; x_wconf 88' lang='lat' dir='ltr'><strong>sporae</strong></span> <span class='ocrx_word' id='word_1_40' title='bbox 2206 719 2311 774; x_wconf 90' lang='lat' dir='ltr'><strong>ob-</strong></span> 
     </span>
     <span class='ocr_line' id='line_1_7' title="bbox 209 812 2311 895; baseline -0.001 -19"><span class='ocrx_word' id='word_1_41' title='bbox 209 821 395 895; x_wconf 84' lang='lat' dir='ltr'><strong>longae</strong></span> <span class='ocrx_word' id='word_1_42' title='bbox 424 837 756 876; x_wconf 85' lang='lat' dir='ltr'><strong>numerosae</strong></span> <span class='ocrx_word' id='word_1_43' title='bbox 788 817 976 873; x_wconf 88' lang='lat' dir='ltr'><strong>laxius</strong></span> <span class='ocrx_word' id='word_1_44' title='bbox 1016 815 1118 872; x_wconf 91' lang='lat' dir='ltr'><strong>nid</strong></span> <span class='ocrx_word' id='word_1_45' title='bbox 1131 812 1375 872; x_wconf 89' lang='lat' dir='ltr'><strong>ulantur</strong></span> <span class='ocrx_word' id='word_1_46' title='bbox 1410 816 1519 893; x_wconf 89' lang='lat'><strong>(=</strong></span> <span class='ocrx_word' id='word_1_47' title='bbox 1551 814 1864 894; x_wconf 74' lang='lat' dir='ltr'><strong>Favelloe).</strong></span> <span class='ocrx_word' id='word_1_48' title='bbox 1914 817 2152 875; x_wconf 84' lang='lat' dir='ltr'><strong>Favellae</strong></span> <span class='ocrx_word' id='word_1_49' title='bbox 2203 827 2311 874; x_wconf 89' lang='lat' dir='ltr'><strong>aut</strong></span> 
     </span>
     <span class='ocr_line' id='line_1_8' title="bbox 210 913 2316 995; baseline -0.001 -21"><span class='ocrx_word' id='word_1_50' title='bbox 210 919 388 977; x_wconf 84' lang='lat' dir='ltr'><strong>nudae</strong></span> <span class='ocrx_word' id='word_1_51' title='bbox 413 918 741 975; x_wconf 86' lang='lat' dir='ltr'><strong>obveniunt</strong></span> <span class='ocrx_word' id='word_1_52' title='bbox 762 913 1228 995; x_wconf 76' lang='lat' dir='ltr'><strong>(Callichamnia</strong></span> <span class='ocrx_word' id='word_1_53' title='bbox 1255 913 1589 994; x_wconf 80' lang='lat' dir='ltr'><strong>pleraque),</strong></span> <span class='ocrx_word' id='word_1_54' title='bbox 1616 927 1721 974; x_wconf 85' lang='lat' dir='ltr'><strong>aut</strong></span> <span class='ocrx_word' id='word_1_55' title='bbox 1745 915 1992 974; x_wconf 90' lang='lat' dir='ltr'><strong>ramulis</strong></span> <span class='ocrx_word' id='word_1_56' title='bbox 2022 917 2316 973; x_wconf 90' lang='lat' dir='ltr'><strong>tenuiori-</strong></span> 
     </span>
     <span class='ocr_line' id='line_1_9' title="bbox 210 1012 2317 1097; baseline -0.002 -22"><span class='ocrx_word' id='word_1_57' title='bbox 210 1020 325 1075; x_wconf 88' lang='lat' dir='ltr'><strong>bus</strong></span> <span class='ocrx_word' id='word_1_58' title='bbox 365 1020 569 1076; x_wconf 84' lang='lat' dir='ltr'><strong>cinctae</strong></span> <span class='ocrx_word' id='word_1_59' title='bbox 592 1017 970 1097; x_wconf 57' lang='lat' dir='ltr'><strong>(Garumnam,</strong></span> <span class='ocrx_word' id='word_1_60' title='bbox 996 1012 1421 1084; x_wconf 82' lang='lat' dir='ltr'><strong>Microcladia,</strong></span> <span class='ocrx_word' id='word_1_61' title='bbox 1454 1014 1766 1096; x_wconf 76' lang='lat' dir='ltr'><strong>Spyridia‚</strong></span> <span class='ocrx_word' id='word_1_62' title='bbox 1793 1014 2045 1092; x_wconf 79' lang='lat' dir='ltr'><strong>Ptilota)</strong></span> <span class='ocrx_word' id='word_1_63' title='bbox 2081 1025 2188 1072; x_wconf 88' lang='lat' dir='ltr'><strong>aut</strong></span> <span class='ocrx_word' id='word_1_64' title='bbox 2223 1016 2317 1071; x_wconf 88' lang='lat' dir='ltr'><strong>in·-</strong></span> 
     </span>
     <span class='ocr_line' id='line_1_10' title="bbox 213 1114 2309 1197; baseline -0.003 -20"><span class='ocrx_word' id='word_1_65' title='bbox 213 1121 460 1178; x_wconf 89' lang='lat' dir='ltr'><strong>volucro</strong></span> <span class='ocrx_word' id='word_1_66' title='bbox 488 1122 733 1197; x_wconf 84' lang='lat' dir='ltr'><strong>proprio</strong></span> <span class='ocrx_word' id='word_1_67' title='bbox 757 1129 922 1177; x_wconf 85' lang='lat' dir='ltr'><strong>tectae</strong></span> <span class='ocrx_word' id='word_1_68' title='bbox 951 1115 1353 1197; x_wconf 79' lang='lat' dir='ltr'><strong>(Grifficlzsia)</strong></span> <span class='ocrx_word' id='word_1_69' title='bbox 1377 1140 1391 1187; x_wconf 82' lang='lat'>3</span> <span class='ocrx_word' id='word_1_70' title='bbox 1428 1116 1789 1192; x_wconf 89' lang='lat' dir='ltr'><strong>plerumque</strong></span> <span class='ocrx_word' id='word_1_71' title='bbox 1811 1117 1867 1172; x_wconf 88' lang='lat' dir='ltr'><strong>in</strong></span> <span class='ocrx_word' id='word_1_72' title='bbox 1904 1115 2090 1172; x_wconf 81' lang='lat' dir='ltr'><strong>axillis</strong></span> <span class='ocrx_word' id='word_1_73' title='bbox 2119 1114 2208 1171; x_wconf 88' lang='lat' dir='ltr'><strong>vel</strong></span> <span class='ocrx_word' id='word_1_74' title='bbox 2236 1116 2309 1170; x_wconf 87' lang='lat' dir='ltr'><strong>ad</strong></span> 
     </span>
     <span class='ocr_line' id='line_1_11' title="bbox 211 1213 2316 1292; baseline -0.003 -16"><span class='ocrx_word' id='word_1_75' title='bbox 211 1221 477 1277; x_wconf 89' lang='lat' dir='ltr'><strong>ramulos</strong></span> <span class='ocrx_word' id='word_1_76' title='bbox 528 1220 746 1276; x_wconf 89' lang='lat' dir='ltr'><strong>sessiles</strong></span> <span class='ocrx_word' id='word_1_77' title='bbox 801 1229 963 1288; x_wconf 80' lang='lat' dir='ltr'><strong>sunt,</strong></span> <span class='ocrx_word' id='word_1_78' title='bbox 1004 1219 1197 1276; x_wconf 90' lang='lat' dir='ltr'><strong>rarius</strong></span> <span class='ocrx_word' id='word_1_79' title='bbox 1246 1219 1303 1273; x_wconf 91' lang='lat' dir='ltr'><strong>in</strong></span> <span class='ocrx_word' id='word_1_80' title='bbox 1372 1216 1608 1273; x_wconf 89' lang='lat' dir='ltr'><strong>ramulo</strong></span> <span class='ocrx_word' id='word_1_81' title='bbox 1670 1216 1910 1292; x_wconf 88' lang='lat' dir='ltr'><strong>proprio</strong></span> <span class='ocrx_word' id='word_1_82' title='bbox 1977 1213 2316 1271; x_wconf 84' lang='lat' dir='ltr'><strong>terminales</strong></span> 
     </span>
     <span class='ocr_line' id='line_1_12' title="bbox 222 1313 2318 1397; baseline -0.003 -22"><span class='ocrx_word' id='word_1_83' title='bbox 222 1317 595 1397; x_wconf 69' lang='lat' dir='ltr'><strong>Wungelia,</strong></span> <span class='ocrx_word' id='word_1_84' title='bbox 651 1315 1016 1397; x_wconf 65' lang='lat' dir='ltr'><strong>Grfffithsiae</strong></span> <span class='ocrx_word' id='word_1_85' title='bbox 1061 1317 1353 1393; x_wconf 82' lang='lat' dir='ltr'><strong>plurimae.</strong></span> <span class='ocrx_word' id='word_1_86' title='bbox 1378 1347 1459 1361; x_wconf 86' lang='lat'><strong>·-—</strong></span> <span class='ocrx_word' id='word_1_87' title='bbox 1483 1315 1548 1372; x_wconf 92' lang='lat' dir='ltr'><strong>In</strong></span> <span class='ocrx_word' id='word_1_88' title='bbox 1588 1315 2023 1395; x_wconf 75' lang='lat' dir='ltr'><strong>Cryptonemeis</strong></span> <span class='ocrx_word' id='word_1_89' title='bbox 2057 1313 2318 1389; x_wconf 85' lang='lat' dir='ltr'><strong>capsulae</strong></span> 
     </span>
     <span class='ocr_line' id='line_1_13' title="bbox 211 1415 2320 1492; baseline -0.003 -16"><span class='ocrx_word' id='word_1_90' title='bbox 211 1441 242 1476; x_wconf 90' lang='lat' dir='ltr'><strong>a</strong></span> <span class='ocrx_word' id='word_1_91' title='bbox 268 1419 469 1477; x_wconf 91' lang='lat' dir='ltr'><strong>fructu</strong></span> <span class='ocrx_word' id='word_1_92' title='bbox 494 1419 907 1476; x_wconf 89' lang='lat' dir='ltr'><strong>Ceramiorum</strong></span> <span class='ocrx_word' id='word_1_93' title='bbox 936 1436 1148 1492; x_wconf 91' lang='lat' dir='ltr'><strong>parum</strong></span> <span class='ocrx_word' id='word_1_94' title='bbox 1172 1417 1416 1473; x_wconf 78' lang='lat' dir='ltr'><strong>diversae</strong></span> <span class='ocrx_word' id='word_1_95' title='bbox 1445 1415 1595 1471; x_wconf 90' lang='lat' dir='ltr'><strong>mihi</strong></span> <span class='ocrx_word' id='word_1_96' title='bbox 1618 1415 1938 1482; x_wconf 62' lang='lat' dir='ltr'><strong>videntum</strong></span> <span class='ocrx_word' id='word_1_97' title='bbox 1969 1423 2112 1470; x_wconf 89' lang='lat' dir='ltr'><strong>sunt</strong></span> <span class='ocrx_word' id='word_1_98' title='bbox 2133 1431 2320 1487; x_wconf 84' lang='lat' dir='ltr'><strong>sporae</strong></span> 
     </span>
     <span class='ocr_line' id='line_1_14' title="bbox 214 1512 2318 1593; baseline -0.002 -19"><span class='ocrx_word' id='word_1_99' title='bbox 214 1539 548 1577; x_wconf 83' lang='lat' dir='ltr'><strong>numerosae</strong></span> <span class='ocrx_word' id='word_1_100' title='bbox 571 1520 628 1575; x_wconf 92' lang='lat' dir='ltr'><strong>in</strong></span> <span class='ocrx_word' id='word_1_101' title='bbox 654 1516 1061 1593; x_wconf 85' lang='lat' dir='ltr'><strong>glomerulum</strong></span> <span class='ocrx_word' id='word_1_102' title='bbox 1084 1525 1244 1572; x_wconf 90' lang='lat' dir='ltr'><strong>arcte</strong></span> <span class='ocrx_word' id='word_1_103' title='bbox 1267 1525 1575 1592; x_wconf 84' lang='lat' dir='ltr'><strong>congestae,</strong></span> <span class='ocrx_word' id='word_1_104' title='bbox 1599 1515 1932 1591; x_wconf 88' lang='lat' dir='ltr'><strong>pericarpio</strong></span> <span class='ocrx_word' id='word_1_105' title='bbox 1954 1513 2196 1592; x_wconf 82' lang='lat' dir='ltr'><strong>hyalino</strong></span> <span class='ocrx_word' id='word_1_106' title='bbox 2220 1512 2318 1570; x_wconf 91' lang='lat' dir='ltr'><strong>sed</strong></span> 
     </span>
     <span class='ocr_line' id='line_1_15' title="bbox 213 1611 2325 1690; baseline -0.003 -17"><span class='ocrx_word' id='word_1_107' title='bbox 213 1620 434 1675; x_wconf 85' lang='lat' dir='ltr'><strong>arctius</strong></span> <span class='ocrx_word' id='word_1_108' title='bbox 457 1618 798 1675; x_wconf 77' lang='lat' dir='ltr'><strong>includente</strong></span> <span class='ocrx_word' id='word_1_109' title='bbox 809 1616 1214 1684; x_wconf 82' lang='lat' dir='ltr'><strong>circumdatae3</strong></span> <span class='ocrx_word' id='word_1_110' title='bbox 1236 1616 1344 1672; x_wconf 88' lang='lat' dir='ltr'><strong>has</strong></span> <span class='ocrx_word' id='word_1_111' title='bbox 1365 1612 1714 1674; x_wconf 76' lang='lat' dir='ltr'><strong>Favellidia</strong></span> <span class='ocrx_word' id='word_1_112' title='bbox 1735 1613 2046 1690; x_wconf 83' lang='lat' dir='ltr'><strong>appellavi.</strong></span> <span class='ocrx_word' id='word_1_113' title='bbox 2077 1611 2325 1667; x_wconf 90' lang='lat' dir='ltr'><strong>Favelli-</strong></span> 
     </span>
     <span class='ocr_line' id='line_1_16' title="bbox 214 1709 2326 1792; baseline -0.003 -19"><span class='ocrx_word' id='word_1_114' title='bbox 214 1716 311 1773; x_wconf 91' lang='lat' dir='ltr'><strong>dia</strong></span> <span class='ocrx_word' id='word_1_115' title='bbox 330 1736 493 1772; x_wconf 90' lang='lat' dir='ltr'><strong>nunc</strong></span> <span class='ocrx_word' id='word_1_116' title='bbox 510 1715 697 1786; x_wconf 79' lang='lat' dir='ltr'><strong>nuda,</strong></span> <span class='ocrx_word' id='word_1_117' title='bbox 720 1736 820 1772; x_wconf 86' lang='lat' dir='ltr'><strong>seu</strong></span> <span class='ocrx_word' id='word_1_118' title='bbox 848 1715 1094 1772; x_wconf 90' lang='lat' dir='ltr'><strong>ramulis</strong></span> <span class='ocrx_word' id='word_1_119' title='bbox 1117 1734 1333 1792; x_wconf 87' lang='lat' dir='ltr'><strong>parum</strong></span> <span class='ocrx_word' id='word_1_120' title='bbox 1356 1713 1693 1791; x_wconf 85' lang='lat' dir='ltr'><strong>tegentibus</strong></span> <span class='ocrx_word' id='word_1_121' title='bbox 1715 1715 1910 1770; x_wconf 91' lang='lat' dir='ltr'><strong>cincta</strong></span> <span class='ocrx_word' id='word_1_122' title='bbox 1935 1723 2074 1770; x_wconf 90' lang='lat' dir='ltr'><strong>sunt</strong></span> <span class='ocrx_word' id='word_1_123' title='bbox 2093 1709 2326 1789; x_wconf 83' lang='lat' dir='ltr'><strong>(Gloio-</strong></span> 
     </span>
     <span class='ocr_line' id='line_1_17' title="bbox 215 1811 2322 1894; baseline -0.004 -22"><span class='ocrx_word' id='word_1_124' title='bbox 215 1814 508 1894; x_wconf 79' lang='lat' dir='ltr'><strong>cladeoe);</strong></span> <span class='ocrx_word' id='word_1_125' title='bbox 539 1836 704 1872; x_wconf 89' lang='lat' dir='ltr'><strong>nunc</strong></span> <span class='ocrx_word' id='word_1_126' title='bbox 750 1817 904 1871; x_wconf 88' lang='lat' dir='ltr'><strong>intra</strong></span> <span class='ocrx_word' id='word_1_127' title='bbox 938 1824 1198 1871; x_wconf 86' lang='lat' dir='ltr'><strong>stratum</strong></span> <span class='ocrx_word' id='word_1_128' title='bbox 1234 1814 1683 1889; x_wconf 84' lang='lat' dir='ltr'><strong>periphericum</strong></span> <span class='ocrx_word' id='word_1_129' title='bbox 1728 1811 1953 1869; x_wconf 82' lang='lat' dir='ltr'><strong>frondis</strong></span> <span class='ocrx_word' id='word_1_130' title='bbox 1986 1811 2322 1868; x_wconf 89' lang='lat' dir='ltr'><strong>nidulantia</strong></span> 
     </span>
     <span class='ocr_line' id='line_1_18' title="bbox 218 1909 2325 1988; baseline -0.003 -18"><span class='ocrx_word' id='word_1_131' title='bbox 218 1926 276 1971; x_wconf 89' lang='lat' dir='ltr'><strong>et</strong></span> <span class='ocrx_word' id='word_1_132' title='bbox 294 1925 532 1971; x_wconf 86' lang='lat' dir='ltr'><strong>externe</strong></span> <span class='ocrx_word' id='word_1_133' title='bbox 553 1917 647 1971; x_wconf 89' lang='lat' dir='ltr'><strong>vix</strong></span> <span class='ocrx_word' id='word_1_134' title='bbox 669 1915 1013 1988; x_wconf 89' lang='lat' dir='ltr'><strong>conspicua,</strong></span> <span class='ocrx_word' id='word_1_135' title='bbox 1048 1912 1473 1970; x_wconf 88' lang='lat' dir='ltr'><strong>secedentibus</strong></span> <span class='ocrx_word' id='word_1_136' title='bbox 1501 1909 1613 1968; x_wconf 90' lang='lat' dir='ltr'><strong>filis</strong></span> <span class='ocrx_word' id='word_1_137' title='bbox 1638 1910 2030 1987; x_wconf 88' lang='lat' dir='ltr'><strong>periphericis</strong></span> <span class='ocrx_word' id='word_1_138' title='bbox 2057 1910 2325 1984; x_wconf 89' lang='lat' dir='ltr'><strong>denique</strong></span> 
     </span>
     <span class='ocr_line' id='line_1_19' title="bbox 219 2009 2327 2091; baseline -0.003 -23"><span class='ocrx_word' id='word_1_139' title='bbox 219 2013 508 2070; x_wconf 89' lang='lat' dir='ltr'><strong>elabentia</strong></span> <span class='ocrx_word' id='word_1_140' title='bbox 530 2011 1040 2091; x_wconf 80' lang='lat' dir='ltr'><strong>(Nemostomeoe);</strong></span> <span class='ocrx_word' id='word_1_141' title='bbox 1065 2032 1232 2069; x_wconf 91' lang='lat' dir='ltr'><strong>nunc</strong></span> <span class='ocrx_word' id='word_1_142' title='bbox 1256 2012 1412 2067; x_wconf 88' lang='lat' dir='ltr'><strong>intra</strong></span> <span class='ocrx_word' id='word_1_143' title='bbox 1435 2020 1690 2066; x_wconf 89' lang='lat' dir='ltr'><strong>stratum</strong></span> <span class='ocrx_word' id='word_1_144' title='bbox 1717 2010 2031 2085; x_wconf 91' lang='lat' dir='ltr'><strong>proprium</strong></span> <span class='ocrx_word' id='word_1_145' title='bbox 2054 2009 2197 2064; x_wconf 88' lang='lat' dir='ltr'><strong>locis</strong></span> <span class='ocrx_word' id='word_1_146' title='bbox 2221 2026 2327 2082; x_wconf 91' lang='lat' dir='ltr'><strong>pe-</strong></span> 
     </span>
     <span class='ocr_line' id='line_1_20' title="bbox 218 2108 2325 2189; baseline -0.003 -20"><span class='ocrx_word' id='word_1_147' title='bbox 218 2113 548 2171; x_wconf 88' lang='lat' dir='ltr'><strong>culiaribus</strong></span> <span class='ocrx_word' id='word_1_148' title='bbox 578 2123 815 2169; x_wconf 80' lang='lat' dir='ltr'><strong>externe</strong></span> <span class='ocrx_word' id='word_1_149' title='bbox 846 2113 1156 2170; x_wconf 90' lang='lat' dir='ltr'><strong>evolutum</strong></span> <span class='ocrx_word' id='word_1_150' title='bbox 1194 2122 1331 2168; x_wconf 90' lang='lat' dir='ltr'><strong>nata</strong></span> <span class='ocrx_word' id='word_1_151' title='bbox 1362 2108 1944 2189; x_wconf 80' lang='lat' dir='ltr'><strong>(Spongiocarpeae);</strong></span> <span class='ocrx_word' id='word_1_152' title='bbox 1973 2128 2139 2165; x_wconf 90' lang='lat' dir='ltr'><strong>nunc</strong></span> <span class='ocrx_word' id='word_1_153' title='bbox 2173 2108 2325 2163; x_wconf 89' lang='lat' dir='ltr'><strong>intra</strong></span> 
     </span>
     <span class='ocr_line' id='line_1_21' title="bbox 221 2206 2329 2275; baseline -0.002 -8"><span class='ocrx_word' id='word_1_154' title='bbox 221 2221 472 2267; x_wconf 85' lang='lat' dir='ltr'><strong>stratum</strong></span> <span class='ocrx_word' id='word_1_155' title='bbox 505 2213 858 2271; x_wconf 82' lang='lat' dir='ltr'><strong>cellularum</strong></span> <span class='ocrx_word' id='word_1_156' title='bbox 895 2212 1261 2268; x_wconf 87' lang='lat' dir='ltr'><strong>exteriorum</strong></span> <span class='ocrx_word' id='word_1_157' title='bbox 1288 2211 1565 2275; x_wconf 78' lang='lat' dir='ltr'><strong>formata,</strong></span> <span class='ocrx_word' id='word_1_158' title='bbox 1600 2219 1658 2265; x_wconf 90' lang='lat' dir='ltr'><strong>et</strong></span> <span class='ocrx_word' id='word_1_159' title='bbox 1689 2208 2043 2264; x_wconf 87' lang='lat' dir='ltr'><strong>membrana</strong></span> <span class='ocrx_word' id='word_1_160' title='bbox 2075 2206 2329 2263; x_wconf 87' lang='lat' dir='ltr'><strong>tenacis-</strong></span> 
     </span>
     <span class='ocr_line' id='line_1_22' title="bbox 221 2303 2326 2387; baseline -0.002 -21"><span class='ocrx_word' id='word_1_161' title='bbox 221 2311 368 2367; x_wconf 83' lang='lat' dir='ltr'><strong>sima</strong></span> <span class='ocrx_word' id='word_1_162' title='bbox 400 2313 593 2368; x_wconf 90' lang='lat' dir='ltr'><strong>cincta</strong></span> <span class='ocrx_word' id='word_1_163' title='bbox 624 2333 744 2369; x_wconf 88' lang='lat' dir='ltr'><strong>non</strong></span> <span class='ocrx_word' id='word_1_164' title='bbox 782 2311 891 2368; x_wconf 91' lang='lat' dir='ltr'><strong>nisi</strong></span> <span class='ocrx_word' id='word_1_165' title='bbox 930 2310 1026 2367; x_wconf 91' lang='lat' dir='ltr'><strong>illa</strong></span> <span class='ocrx_word' id='word_1_166' title='bbox 1076 2309 1391 2366; x_wconf 89' lang='lat' dir='ltr'><strong>dilacerata</strong></span> <span class='ocrx_word' id='word_1_167' title='bbox 1429 2306 1506 2387; x_wconf 69' lang='lat'><strong>(2)</strong></span> <span class='ocrx_word' id='word_1_168' title='bbox 1539 2307 1720 2365; x_wconf 84' lang='lat' dir='ltr'><strong>libera</strong></span> <span class='ocrx_word' id='word_1_169' title='bbox 1760 2303 2326 2384; x_wconf 67' lang='lat' dir='ltr'><strong>(Gascerocarpeae);</strong></span> 
     </span>
     <span class='ocr_line' id='line_1_23' title="bbox 221 2405 2325 2486; baseline -0.004 -20"><span class='ocrx_word' id='word_1_170' title='bbox 221 2408 311 2466; x_wconf 82' lang='lat' dir='ltr'><strong>vel</strong></span> <span class='ocrx_word' id='word_1_171' title='bbox 335 2410 597 2486; x_wconf 88' lang='lat' dir='ltr'><strong>denique</strong></span> <span class='ocrx_word' id='word_1_172' title='bbox 615 2411 766 2467; x_wconf 90' lang='lat' dir='ltr'><strong>intra</strong></span> <span class='ocrx_word' id='word_1_173' title='bbox 789 2408 1307 2486; x_wconf 83' lang='lat' dir='ltr'><strong>protuberantiam</strong></span> <span class='ocrx_word' id='word_1_174' title='bbox 1329 2419 1635 2467; x_wconf 85' lang='lat' dir='ltr'><strong>externam</strong></span> <span class='ocrx_word' id='word_1_175' title='bbox 1660 2407 1796 2482; x_wconf 89' lang='lat' dir='ltr'><strong>plus</strong></span> <span class='ocrx_word' id='word_1_176' title='bbox 1813 2406 2011 2462; x_wconf 89' lang='lat' dir='ltr'><strong>minus</strong></span> <span class='ocrx_word' id='word_1_177' title='bbox 2034 2405 2325 2481; x_wconf 83' lang='lat' dir='ltr'><strong>insignem</strong></span> 
     </span>
     <span class='ocr_line' id='line_1_24' title="bbox 223 2502 2330 2584; baseline -0.002 -21"><span class='ocrx_word' id='word_1_178' title='bbox 223 2511 649 2584; x_wconf 87' lang='lat' dir='ltr'><strong>provenientia,</strong></span> <span class='ocrx_word' id='word_1_179' title='bbox 683 2520 789 2566; x_wconf 89' lang='lat' dir='ltr'><strong>aut</strong></span> <span class='ocrx_word' id='word_1_180' title='bbox 841 2509 1006 2565; x_wconf 87' lang='lat' dir='ltr'><strong>nuda</strong></span> <span class='ocrx_word' id='word_1_181' title='bbox 1046 2518 1104 2565; x_wconf 88' lang='lat' dir='ltr'><strong>et</strong></span> <span class='ocrx_word' id='word_1_182' title='bbox 1142 2526 1295 2582; x_wconf 91' lang='lat' dir='ltr'><strong>poro</strong></span> <span class='ocrx_word' id='word_1_183' title='bbox 1333 2506 1632 2564; x_wconf 89' lang='lat' dir='ltr'><strong>terminali</strong></span> <span class='ocrx_word' id='word_1_184' title='bbox 1666 2505 2048 2581; x_wconf 88' lang='lat' dir='ltr'><strong>erumpentia</strong></span> <span class='ocrx_word' id='word_1_185' title='bbox 2082 2502 2330 2582; x_wconf 80' lang='lat' dir='ltr'><strong>(Grate-</strong></span> 
     </span>
     <span class='ocr_line' id='line_1_25' title="bbox 223 2598 2330 2685; baseline -0.005 -18"><span class='ocrx_word' id='word_1_186' title='bbox 223 2605 456 2685; x_wconf 81' lang='lat' dir='ltr'><strong>loupia)</strong></span> <span class='ocrx_word' id='word_1_187' title='bbox 477 2650 490 2673; x_wconf 89' lang='lat'>,</span> <span class='ocrx_word' id='word_1_188' title='bbox 516 2619 621 2668; x_wconf 86' lang='lat' dir='ltr'><strong>aut</strong></span> <span class='ocrx_word' id='word_1_189' title='bbox 662 2609 913 2664; x_wconf 82' lang='lat' dir='ltr'><strong>reticulo</strong></span> <span class='ocrx_word' id='word_1_190' title='bbox 940 2608 1182 2684; x_wconf 88' lang='lat' dir='ltr'><strong>proprio</strong></span> <span class='ocrx_word' id='word_1_191' title='bbox 1209 2606 1624 2663; x_wconf 85' lang='lat' dir='ltr'><strong>circumdante</strong></span> <span class='ocrx_word' id='word_1_192' title='bbox 1663 2606 1892 2662; x_wconf 89' lang='lat' dir='ltr'><strong>inclusa</strong></span> <span class='ocrx_word' id='word_1_193' title='bbox 1919 2598 2330 2682; x_wconf 74' lang='lat' dir='ltr'><strong>(Gigartina).</strong></span> 
     </span>
     <span class='ocr_line' id='line_1_26' title="bbox 226 2701 2333 2787; baseline -0.004 -24"><span class='ocrx_word' id='word_1_194' title='bbox 226 2743 302 2750; x_wconf 91' lang='lat'>—</span> <span class='ocrx_word' id='word_1_195' title='bbox 347 2709 412 2763; x_wconf 90' lang='lat' dir='ltr'><strong>In</strong></span> <span class='ocrx_word' id='word_1_196' title='bbox 463 2706 1022 2787; x_wconf 77' lang='lat' dir='ltr'><strong>Sphoerococcoideis</strong></span> <span class='ocrx_word' id='word_1_197' title='bbox 1063 2717 1120 2764; x_wconf 89' lang='lat' dir='ltr'><strong>et</strong></span> <span class='ocrx_word' id='word_1_198' title='bbox 1160 2705 1539 2762; x_wconf 74' lang='lat' dir='ltr'><strong>Delasserieis</strong></span> <span class='ocrx_word' id='word_1_199' title='bbox 1579 2715 1664 2761; x_wconf 82' lang='lat' dir='ltr'><strong>est</strong></span> <span class='ocrx_word' id='word_1_200' title='bbox 1703 2704 1938 2760; x_wconf 88' lang='lat' dir='ltr'><strong>fructus</strong></span> <span class='ocrx_word' id='word_1_201' title='bbox 2006 2701 2333 2777; x_wconf 85' lang='lat' dir='ltr'><strong>capsularis</strong></span> 
     </span>
     <span class='ocr_line' id='line_1_27' title="bbox 227 2801 2332 2883; baseline -0.003 -19"><span class='ocrx_word' id='word_1_202' title='bbox 227 2807 671 2883; x_wconf 85' lang='lat' dir='ltr'><strong>subsphaericus</strong></span> <span class='ocrx_word' id='word_1_203' title='bbox 693 2806 820 2883; x_wconf 90' lang='lat' dir='ltr'><strong>(aut</strong></span> <span class='ocrx_word' id='word_1_204' title='bbox 860 2806 1380 2882; x_wconf 73' lang='lat' dir='ltr'><strong>heniisphaericus)</strong></span> <span class='ocrx_word' id='word_1_205' title='bbox 1421 2818 1478 2863; x_wconf 86' lang='lat' dir='ltr'><strong>et</strong></span> <span class='ocrx_word' id='word_1_206' title='bbox 1518 2808 1672 2861; x_wconf 83' lang='lat' dir='ltr'><strong>intra</strong></span> <span class='ocrx_word' id='word_1_207' title='bbox 1715 2804 2120 2879; x_wconf 87' lang='lat' dir='ltr'><strong>pericarpium</strong></span> <span class='ocrx_word' id='word_1_208' title='bbox 2149 2801 2332 2858; x_wconf 69' lang='lat' dir='ltr'><strong>cellu-</strong></span> 
     </span>
     <span class='ocr_line' id='line_1_28' title="bbox 229 2904 2332 2977; baseline -0.005 -14"><span class='ocrx_word' id='word_1_209' title='bbox 229 2908 456 2974; x_wconf 90' lang='lat' dir='ltr'><strong>losum,</strong></span> <span class='ocrx_word' id='word_1_210' title='bbox 489 2906 845 2962; x_wconf 87' lang='lat' dir='ltr'><strong>distentione</strong></span> <span class='ocrx_word' id='word_1_211' title='bbox 884 2905 969 2959; x_wconf 89' lang='lat' dir='ltr'><strong>vel</strong></span> <span class='ocrx_word' id='word_1_212' title='bbox 1009 2905 1426 2960; x_wconf 85' lang='lat' dir='ltr'><strong>dilaceratione</strong></span> <span class='ocrx_word' id='word_1_213' title='bbox 1464 2904 1727 2976; x_wconf 87' lang='lat' dir='ltr'><strong>denique</strong></span> <span class='ocrx_word' id='word_1_214' title='bbox 1770 2912 2082 2977; x_wconf 84' lang='lat' dir='ltr'><strong>apertum,</strong></span> <span class='ocrx_word' id='word_1_215' title='bbox 2128 2919 2332 2974; x_wconf 86' lang='lat' dir='ltr'><strong>sporas</strong></span> 
     </span>
     <span class='ocr_line' id='line_1_29' title="bbox 231 2997 2331 3081; baseline -0.005 -19"><span class='ocrx_word' id='word_1_216' title='bbox 231 3003 622 3081; x_wconf 84' lang='lat' dir='ltr'><strong>oblongas¹in</strong></span> <span class='ocrx_word' id='word_1_217' title='bbox 677 3002 1082 3079; x_wconf 84' lang='lat' dir='ltr'><strong>glomerulum</strong></span> <span class='ocrx_word' id='word_1_218' title='bbox 1145 3012 1305 3058; x_wconf 89' lang='lat' dir='ltr'><strong>arcte</strong></span> <span class='ocrx_word' id='word_1_219' title='bbox 1344 3011 1649 3078; x_wconf 85' lang='lat' dir='ltr'><strong>congestas</strong></span> <span class='ocrx_word' id='word_1_220' title='bbox 1693 3021 1724 3055; x_wconf 86' lang='lat' dir='ltr'><strong>e</strong></span> <span class='ocrx_word' id='word_1_221' title='bbox 1764 3001 2034 3074; x_wconf 89' lang='lat' dir='ltr'><strong>placenta</strong></span> <span class='ocrx_word' id='word_1_222' title='bbox 2088 2997 2331 3054; x_wconf 79' lang='lat' dir='ltr'><strong>centralsi</strong></span> 
     </span>
     <span class='ocr_line' id='line_1_30' title="bbox 232 3094 2333 3180; baseline -0.005 -17"><span class='ocrx_word' id='word_1_223' title='bbox 232 3104 593 3180; x_wconf 79' lang='lat' dir='ltr'><strong>egredientes</strong></span> <span class='ocrx_word' id='word_1_224' title='bbox 624 3105 856 3168; x_wconf 79' lang='lat' dir='ltr'><strong>sovens3</strong></span> <span class='ocrx_word' id='word_1_225' title='bbox 899 3101 1171 3177; x_wconf 87' lang='lat' dir='ltr'><strong>capsulas</strong></span> <span class='ocrx_word' id='word_1_226' title='bbox 1203 3102 1309 3160; x_wconf 88' lang='lat' dir='ltr'><strong>has</strong></span> <span class='ocrx_word' id='word_1_227' title='bbox 1337 3099 1614 3159; x_wconf 76' lang='lat' dir='ltr'><strong>Coccidia</strong></span> <span class='ocrx_word' id='word_1_228' title='bbox 1637 3099 1958 3155; x_wconf 89' lang='lat' dir='ltr'><strong>nominavi.</strong></span> <span class='ocrx_word' id='word_1_229' title='bbox 1985 3132 2064 3142; x_wconf 83' lang='lat'><strong>--</strong></span> <span class='ocrx_word' id='word_1_230' title='bbox 2086 3097 2154 3153; x_wconf 93' lang='lat' dir='ltr'><strong>In</strong></span> <span class='ocrx_word' id='word_1_231' title='bbox 2178 3094 2333 3153; x_wconf 67' lang='lat' dir='ltr'><strong>Rho„-</strong></span> 
     </span>
     <span class='ocr_line' id='line_1_31' title="bbox 231 3196 2332 3279; baseline -0.005 -18"><span class='ocrx_word' id='word_1_232' title='bbox 231 3203 511 3261; x_wconf 75' lang='lat' dir='ltr'><strong>domeleis</strong></span> <span class='ocrx_word' id='word_1_233' title='bbox 557 3214 614 3260; x_wconf 89' lang='lat' dir='ltr'><strong>et</strong></span> <span class='ocrx_word' id='word_1_234' title='bbox 661 3202 1005 3260; x_wconf 74' lang='lat' dir='ltr'><strong>Chondrieis</strong></span> <span class='ocrx_word' id='word_1_235' title='bbox 1049 3202 1312 3279; x_wconf 88' lang='lat' dir='ltr'><strong>denique</strong></span> <span class='ocrx_word' id='word_1_236' title='bbox 1360 3212 1502 3258; x_wconf 90' lang='lat' dir='ltr'><strong>sunt</strong></span> <span class='ocrx_word' id='word_1_237' title='bbox 1556 3196 1911 3257; x_wconf 79' lang='lat' dir='ltr'><strong>Keramidia</strong></span> <span class='ocrx_word' id='word_1_238' title='bbox 1968 3197 2332 3273; x_wconf 88' lang='lat' dir='ltr'><strong>plerumque</strong></span> 
     </span>
     <span class='ocr_line' id='line_1_32' title="bbox 234 3294 2334 3377; baseline -0.006 -17"><span class='ocrx_word' id='word_1_239' title='bbox 234 3313 404 3360; x_wconf 85' lang='lat' dir='ltr'><strong>ovata</strong></span> <span class='ocrx_word' id='word_1_240' title='bbox 428 3312 531 3359; x_wconf 91' lang='lat' dir='ltr'><strong>aut</strong></span> <span class='ocrx_word' id='word_1_241' title='bbox 558 3303 851 3358; x_wconf 87' lang='lat' dir='ltr'><strong>urceolata</strong></span> <span class='ocrx_word' id='word_1_242' title='bbox 869 3346 883 3371; x_wconf 83' lang='lat'>‚</span> <span class='ocrx_word' id='word_1_243' title='bbox 902 3303 1094 3358; x_wconf 89' lang='lat' dir='ltr'><strong>rarius</strong></span> <span class='ocrx_word' id='word_1_244' title='bbox 1121 3301 1530 3377; x_wconf 82' lang='lat' dir='ltr'><strong>subsphaerica</strong></span> <span class='ocrx_word' id='word_1_245' title='bbox 1554 3295 1943 3376; x_wconf 75' lang='lat' dir='ltr'><strong>(Rytiplzloea)</strong></span> <span class='ocrx_word' id='word_1_246' title='bbox 1961 3341 1974 3365; x_wconf 86' lang='grc'>,</span> <span class='ocrx_word' id='word_1_247' title='bbox 1998 3297 2150 3352; x_wconf 90' lang='lat' dir='ltr'><strong>intra</strong></span> <span class='ocrx_word' id='word_1_248' title='bbox 2180 3294 2334 3369; x_wconf 61' lang='lat' dir='ltr'><strong>peri-2.</strong></span> 
     </span>
     <span class='ocr_line' id='line_1_33' title="bbox 239 3395 2336 3478; baseline -0.003 -20"><span class='ocrx_word' id='word_1_249' title='bbox 239 3404 510 3478; x_wconf 87' lang='lat' dir='ltr'><strong>carpium</strong></span> <span class='ocrx_word' id='word_1_250' title='bbox 549 3400 1401 3457; x_wconf 67' lang='lat' dir='ltr'><strong>cellmoso-membranaceum</strong></span> <span class='ocrx_word' id='word_1_251' title='bbox 1437 3398 1602 3474; x_wconf 87' lang='lat' dir='ltr'><strong>apice</strong></span> <span class='ocrx_word' id='word_1_252' title='bbox 1648 3418 1794 3472; x_wconf 86' lang='lat' dir='ltr'><strong>poro</strong></span> <span class='ocrx_word' id='word_1_253' title='bbox 1837 3395 2089 3470; x_wconf 86' lang='lat' dir='ltr'><strong>regulari</strong></span> <span class='ocrx_word' id='word_1_254' title='bbox 2125 3402 2336 3469; x_wconf 84' lang='lat' dir='ltr'><strong>pertu-</strong></span> 
     </span>
     <span class='ocr_line' id='line_1_34' title="bbox 241 3491 2327 3577; baseline -0.007 -18"><span class='ocrx_word' id='word_1_255' title='bbox 241 3523 399 3571; x_wconf 81' lang='lat' dir='ltr'><strong>sum,</strong></span> <span class='ocrx_word' id='word_1_256' title='bbox 434 3522 636 3577; x_wconf 86' lang='lat' dir='ltr'><strong>sporas</strong></span> <span class='ocrx_word' id='word_1_257' title='bbox 680 3502 1025 3577; x_wconf 86' lang='lat' dir='ltr'><strong>pyriformes</strong></span> <span class='ocrx_word' id='word_1_258' title='bbox 1066 3501 1141 3556; x_wconf 85' lang='lat' dir='ltr'><strong>ad</strong></span> <span class='ocrx_word' id='word_1_259' title='bbox 1177 3501 1513 3576; x_wconf 88' lang='lat' dir='ltr'><strong>placentam</strong></span> <span class='ocrx_word' id='word_1_260' title='bbox 1541 3496 1797 3553; x_wconf 88' lang='lat' dir='ltr'><strong>basalem</strong></span> <span class='ocrx_word' id='word_1_261' title='bbox 1827 3495 2033 3550; x_wconf 80' lang='lat' dir='ltr'><strong>affixas.</strong></span> <span class='ocrx_word' id='word_1_262' title='bbox 2049 3491 2327 3568; x_wconf 84' lang='lat' dir='ltr'><strong>gerentia.</strong></span> 
     </span>
     <span class='ocr_line' id='line_1_35' title="bbox 247 3587 2334 3662; baseline -0.008 -4"><span class='ocrx_word' id='word_1_263' title='bbox 247 3629 315 3639; x_wconf 73' lang='lat'><strong>·—-</strong></span> <span class='ocrx_word' id='word_1_264' title='bbox 343 3606 398 3656; x_wconf 84' lang='lat' dir='ltr'><em>F</em></span> <span class='ocrx_word' id='word_1_265' title='bbox 401 3600 602 3657; x_wconf 71' lang='lat' dir='ltr'><strong>avelloe</strong></span> <span class='ocrx_word' id='word_1_266' title='bbox 622 3611 680 3656; x_wconf 78' lang='lat' dir='ltr'><strong>et</strong></span> <span class='ocrx_word' id='word_1_267' title='bbox 703 3596 1048 3656; x_wconf 73' lang='lat' dir='ltr'><strong>Favellidia</strong></span> <span class='ocrx_word' id='word_1_268' title='bbox 1082 3618 1151 3653; x_wconf 91' lang='lat' dir='ltr'><strong>co</strong></span> <span class='ocrx_word' id='word_1_269' title='bbox 1192 3597 1375 3653; x_wconf 87' lang='lat' dir='ltr'><strong>modo</strong></span> <span class='ocrx_word' id='word_1_270' title='bbox 1399 3595 1639 3651; x_wconf 81' lang='lat' dir='ltr'><strong>formari</strong></span> <span class='ocrx_word' id='word_1_271' title='bbox 1666 3593 1965 3662; x_wconf 85' lang='lat' dir='ltr'><strong>videntur,</strong></span> <span class='ocrx_word' id='word_1_272' title='bbox 2006 3598 2075 3645; x_wconf 86' lang='lat' dir='ltr'><strong>ut</strong></span> <span class='ocrx_word' id='word_1_273' title='bbox 2113 3587 2334 3643; x_wconf 81' lang='lat' dir='ltr'><strong>cellulae</strong></span> 
     </span>
     <span class='ocr_line' id='line_1_36' title="bbox 247 3688 2337 3773; baseline -0.005 -19"><span class='ocrx_word' id='word_1_274' title='bbox 247 3700 575 3773; x_wconf 75' lang='lat' dir='ltr'><strong>fructigerae</strong></span> <span class='ocrx_word' id='word_1_275' title='bbox 620 3696 1067 3757; x_wconf 82' lang='lat' dir='ltr'><strong>circumdantes</strong></span> <span class='ocrx_word' id='word_1_276' title='bbox 1114 3697 1396 3772; x_wconf 71' lang='lat' dir='ltr'><strong>peculiari</strong></span> <span class='ocrx_word' id='word_1_277' title='bbox 1440 3692 1703 3768; x_wconf 74' lang='lat' dir='ltr'><strong>impulsu</strong></span> <span class='ocrx_word' id='word_1_278' title='bbox 1749 3691 2050 3767; x_wconf 68' lang='lat' dir='ltr'><strong>perductae</strong></span> <span class='ocrx_word' id='word_1_279' title='bbox 2093 3688 2337 3763; x_wconf 85' lang='lat' dir='ltr'><strong>plexum</strong></span> 
     </span>
    </p>
   </div>
  </div>
 </body>
</html>
