2508 4022
1124 245 1322 300 ...46
1365 275 1443 287 --

735 449 820 488 xi.
869 430 1079 491 Fncns.
1120 431 1239 509 Ag.
1284 432 1438 506 Srst.
1471 429 1616 510 Alg.
1651 451 1710 486 η.
1751 432 1846 507 98.
1928 422 1929 425 ’

234 599 358 671 11l4.
404 604 478 656 F.
517 596 807 689 Sherardi
831 599 958 680 Ag.
1003 600 1048 657 l.
1093 620 1141 655 c,

312 717 442 764 Hah.
494 718 545 764 in
586 720 712 765 mari
759 719 1007 767 Adriatico
1074 719 1382 779 frequentem
1424 722 1472 766 in
1516 720 1875 768 Mediterraneo
1923 731 2163 784 quantum
2212 724 2328 770 novi

225 803 445 850 nondum
477 804 622 851 visus.

523 999 630 1036 xm.
676 979 1023 1037 cys-rosnnm
1057 978 1180 1059 Ag.
1207 975 1315 1058 ref.
1352 983 1407 1037 J.
1436 978 1561 1058 Ag.
1598 977 1782 1059 symb.
1811 1000 1869 1058 p.
1911 980 1968 1036 3.

304 1143 536 1220 Species
570 1164 919 1201 numerosas
943 1144 1404 1201 mediterraneas
1426 1145 1653 1220 generis
1684 1142 2029 1201 difficillimi
2066 1145 2177 1202 rite
2202 1145 2325 1203 dis-

220 1244 494 1318 tinguere
526 1262 768 1318 operam
806 1243 982 1315 dedi,
1032 1244 1093 1299 in
1130 1243 1439 1318 opiniones
1475 1256 1682 1303 contra
1719 1264 1986 1302 summas
2023 1244 2326 1321 algologiae

219 1342 522 1398 hodiernae
580 1344 966 1400 auctoritates
1020 1342 1376 1400 abludentes
1442 1343 1942 1420 quandoquidem
1990 1344 2326 1401 incurrens.

220 1440 445 1498 Formae
459 1442 699 1498 diversae
721 1463 752 1497 e
772 1442 915 1499 locis
930 1441 1229 1498 natalibus
1245 1460 1607 1517 magnopere
1626 1443 1893 1518 pendent
1919 1453 1978 1500 et
2001 1444 2064 1500 in
2083 1442 2326 1500 diversis

218 1540 530 1616 speciebus
568 1539 828 1616 analogae
874 1540 1647 1615 proveniunt‚apparenter
1685 1561 1837 1617 saepe
1882 1561 1914 1596 a
1961 1542 2188 1620 specie,
2226 1542 2326 1598 cui

215 1657 416 1695 revera
453 1639 771 1713 pertinent,
797 1637 1031 1713 longius
1072 1637 1388 1710 distantes,
1420 1658 1608 1715 quam
1644 1661 1677 1697 a
1713 1640 2072 1697 ludentibus
2116 1641 2323 1698 formis

213 1736 466 1793 aliarum
495 1736 830 1812 specierum
856 1735 1219 1811 discrepant.
1256 1736 1567 1796 Ita‘forma
1594 1739 1876 1809 barbata,
1900 1750 1968 1797 ut
1993 1740 2073 1797 ita
2099 1740 2321 1810 dicam,

213 1837 420 1892 formae
449 1835 788 1893 vesiculosae
814 1846 874 1892 et
902 1836 1276 1892 evesiculosae
1311 1838 1371 1892 in
1398 1839 1566 1894 omni
1594 1840 1788 1914 specie
1821 1840 2133 1914 provenire
2155 1858 2325 1914 posse

214 1939 513 1996 videntur.
531 1940 814 1997 Vesieulae
842 1942 903 1996 in
930 1939 1247 2014 speciebus
1273 1937 1454 1992 maris
1477 1935 1896 1993 Mediterranei
1923 1936 2115 1993 rarius
2135 1955 2324 2012 quam

211 2033 274 2093 in
293 2036 587 2093 Atlantico
613 2039 987 2114 proveniant,
1021 2038 1128 2095 ubi
1146 2036 1500 2094 differentiae
1529 2035 1795 2092 limitum
1822 2035 2003 2092 maris
2036 2035 2325 2092 elabentis

212 2145 271 2191 et
300 2135 609 2194 refluentis
634 2134 887 2213 majores
923 2133 1210 2194 vesiculas
1237 2135 1422 2212 magis
1455 2135 1809 2191 necessarias
1839 2133 2090 2191 reddere
2111 2133 2327 2190 viden-

211 2245 331 2292 tur.
358 2235 696 2311 Specimina
728 2237 906 2293 maris
953 2235 1361 2311 profundioris
1400 2234 1764 2309 plerumque
1799 2231 2071 2289 vesiculis
2112 2242 2323 2289 ornata

213 2345 378 2404 sunt,
395 2334 894 2411 quandoquidem
929 2333 1237 2391 filiformia
1264 2354 1368 2391 seu
1395 2332 1680 2403 barbata3
1706 2333 1764 2388 in
1804 2332 2158 2390 scrobiculis
2184 2351 2322 2388 nas-

212 2435 406 2490 centia
428 2454 582 2490 nana
613 2444 672 2490 et
702 2434 1064 2491 evesiculosa
1107 2433 1391 2491 evadunt.

762 2605 956 2662 Sectio
983 2606 1058 2659 1⁰.
1106 2597 1460 2659 Frondibus
1491 2601 1771 2678 spinosis.

218 2744 344 2801 115.
387 2747 444 2800 C.
478 2745 863 2803 corniculata
903 2744 1202 2803 Zanard:
1241 2746 1411 2802 caule
1451 2744 1833 2802 trunciformi
1866 2733 2128 2799 breviori
2172 2740 2322 2798 sub-

290 2843 642 2919 corymbose
668 2865 956 2920 expanSO,
982 2846 1163 2901 ramis
1189 2844 1632 2919 frondiumque
1657 2842 1786 2899 basi
1811 2850 2155 2917 exasperato
2178 2860 2320 2896 mu-

292 2943 488 2998 ricatis
507 2966 521 3013 3
547 2943 870 3000 frondibus
906 2942 1315 3000 erectiusculis
1348 2962 1605 3017 superne
1639 2941 2175 3016 pinnato-ramosis
2201 2959 2318 2995 un-

292 3040 479 3115 dique
506 3042 689 3099 dense
714 3043 966 3118 spinosis
990 3066 1005 3110 ;
1034 3042 1217 3117 spinis
1241 3040 1643 3117 eglandulosis
1666 3038 1872 3095 validis
1899 3038 2318 3095 subdecuren-

294 3139 475 3210 tibus,
488 3141 903 3216 superioribus
922 3140 1298 3217 simplicibus
1313 3139 1553 3209 comicis,
1564 3136 1946 3194 inferioribus
1961 3138 2317 3212 compressis

294 3237 728 3309 bi-multifidis,
747 3240 1073 3316 scaphidiis
1099 3240 1159 3295 in
1183 3239 1311 3297 basi
1330 3238 1539 3296 inflata
1560 3238 1872 3313 spinarum
1896 3235 1997 3291 nid
2010 3234 2316 3292 ulantibus

292 3336 702 3395 subsolitariiS.

370 3443 447 3495 F.
487 3435 902 3494 corniculatus
940 3436 1129 3516 Wuls.
1157 3443 1356 3517 Crypt.
1395 3439 1521 3514 Aq.
1557 3454 1617 3491 n.
1662 3452 1754 3509 29.
1770 3431 1908 3511 fide
1940 3436 2108 3490 Icon.
2137 3443 2197 3489 et
2226 3451 2312 3510 sp.

287 3534 456 3593 auth.
490 3539 555 3592 in
591 3555 740 3594 mus.
783 3539 845 3594 V
840 3533 1288 3595 indobonensill

278 3652 477 3700 Habitat
517 3656 565 3700 in
602 3657 726 3702 mari
756 3655 1001 3703 Adriatico
1039 3655 1285 3718 frequens,
1329 3655 1378 3701 in
1403 3650 1738 3699 Mediteraneo
1762 3665 1897 3707 rara3
1927 3649 1986 3696 ad
2022 3649 2311 3711 Tergestum

212 3743 255 3780 et
282 3737 484 3785 Salerno
509 3740 619 3802 legi.
