2508 4022
1055 220 1375 278 ...27-

730 438 853 497 VII.
901 433 1536 493 SPHACELLARIEAE
1579 433 1714 492 nob.

248 632 431 689 Frons
466 629 778 686 articulata
808 625 1242 703 polysiphonia.
1279 623 1535 680 Fructus
1582 620 1808 696 duplex
1845 618 1959 698 (ἦε
1990 635 2188 698 sporoe
2211 619 2272 675 in

167 730 412 788 ramulis
469 726 887 786 terminalibus
945 724 1320 801 sphacellatis
1360 719 1604 798 singulae
1655 717 1725 796 (2)
1779 719 2043 795 denique
2103 721 2274 796 apice

165 840 370 906 aperto
420 827 737 885 elabentes.
776 823 1061 904 Sporidia
1111 825 1173 881 in
1215 822 1465 882 ramulis
1519 819 1955 879 transfoimatis
2004 820 2231 876 inclusa
2262 863 2277 889 ‚

165 928 484 1005 saepissime
525 948 647 985 non
675 926 913 984 evoluta
950 926 1051 983 sed
1095 942 1238 980 cum
1262 921 1595 998 perisporio
1620 921 1682 976 in
1708 917 2116 997 propagulum
2150 918 2275 974 sin-

165 1029 382 1105 gulum
422 1028 688 1103 denique
720 1024 985 1083 solutum
1019 1024 1322 1082 abeuntia.

250 1129 509 1205 Negante
530 1127 667 1183 licet
710 1126 943 1202 optimo
982 1122 1329 1196 Decaisne0‚
1375 1122 1903 1182 fructificationem
1949 1122 2279 1198 quamdam

166 1229 226 1284 in
259 1226 505 1284 ramulis
550 1224 928 1301 sphacellatis
971 1225 1305 1296 contineri,
1357 1234 1557 1281 tamen
1597 1220 1778 1279 nullis
1819 1221 1987 1279 factis
2033 1220 2283 1297 quibus-

168 1346 438 1402 cumque
472 1325 895 1400 experimentis
927 1335 1183 1382 veterem
1227 1325 1574 1401 opinionem
1618 1321 2080 1399 infringentibus
2122 1319 2281 1375 hanc

168 1427 440 1503 linquere
472 1445 594 1481 non
629 1444 814 1482 ausus
842 1444 999 1482 sum.
1026 1423 1325 1494 RationeS‚
1359 1443 1509 1499 quas
1533 1422 1707 1479 affert
1743 1421 2046 1499 algologus
2070 1419 2280 1476 illustr.

169 1546 295 1584 rem
332 1536 496 1583 extra
528 1524 791 1582 dubium
825 1542 1046 1601 ponere
1098 1524 1249 1580 mihi
1285 1543 1409 1579 non
1449 1522 1758 1589 videntum
1793 1524 1839 1579 si
1877 1522 2037 1576 enim
2075 1518 2285 1576 validae

169 1626 387 1696 forent,
424 1625 591 1682 omni
637 1634 906 1701 tempore
947 1632 1005 1679 et
1052 1624 1110 1679 in
1151 1627 1319 1680 omni
1354 1623 1679 1700 specimine
1729 1621 1934 1678 adhuc
1981 1627 2283 1676 crescente

170 1725 497 1800 sphacellas
530 1744 669 1780 sane
705 1725 968 1780 invenire
1005 1722 1582 1779 debueremus.Haec
1618 1741 1756 1779 vero
1792 1721 2042 1777 minime
2083 1730 2169 1776 est
2198 1720 2283 1775 rei

168 1825 357 1894 rati03
393 1824 453 1878 in
499 1823 672 1880 certis
713 1823 875 1877 enim
908 1821 1236 1878 individuis
1272 1830 1516 1877 tantum
1552 1823 1963 1889 inveniuntur,
2007 1831 2066 1877 et
2098 1822 2159 1877 in
2189 1819 2286 1875 di-

168 1924 347 1980 versis
379 1920 813 1998 speciminibus
858 1921 1153 1978 diversam
1201 1919 1429 1977 habent
1466 1920 1911 1987 evolutionem3
1956 1920 2285 1995 aliquando

170 2024 367 2100 apices
394 2022 645 2079 omnino
676 2021 918 2099 hyalini.
948 2018 1165 2097 Sporas
1195 2030 1480 2096 praeterea
1502 2041 1532 2076 e
1554 2019 1868 2096 sphacellis
1892 2020 2135 2076 emissas
2160 2020 2288 2094 ipse

168 2123 323 2196 vidi3
366 2124 503 2180 licet
540 2133 743 2198 postea
785 2141 895 2198 per
936 2122 1198 2198 spatium
1240 2121 1513 2197 plurium
1548 2120 2011 2177 hebdomadum
2052 2119 2286 2176 nullam

170 2223 488 2282 subierunt
513 2223 937 2293 mutationem,
956 2222 1119 2279 unde
1138 2222 1212 2278 de
1235 2232 1452 2279 natura
1477 2221 1642 2278 haud
1665 2231 1865 2278 certus
1890 2240 2050 2277 sum.
2072 2218 2288 2295 Agglo-

174 2325 565 2381 merationem
592 2324 855 2381 materiae
875 2325 936 2380 in
963 2322 1281 2399 sphacellis
1303 2322 1693 2379 exsiccatione
1716 2320 1981 2396 pendere
2005 2339 2181 2396 aeque
2202 2328 2288 2375 est

173 2425 578 2495 falsissimum,
614 2434 680 2481 ut
713 2426 938 2500 cuique
981 2425 1082 2481 has
1137 2424 1368 2500 plantas
1405 2421 1559 2477 vivas
1599 2420 1938 2477 observanti
1972 2419 2142 2476 facile
2179 2439 2291 2494 pa-

173 2524 342 2582 tebit.

257 2625 340 2681 De
374 2635 591 2682 natura
629 2642 1016 2700 organorum,
1077 2641 1216 2698 quae
1262 2621 1531 2697 capsulas
1587 2620 1973 2695 appellarunt
2013 2628 2288 2676 auctores

174 2744 348 2801 aeque
377 2725 568 2782 dubia
597 2724 857 2790 adsunt3
901 2721 1095 2779 saltim
1123 2722 1275 2778 mihi
1300 2723 1473 2797 longe
1495 2721 1665 2777 aliter
1688 2720 2055 2795 explicandae
2078 2719 2290 2776 viden-

179 2836 278 2882 tur
310 2843 380 2880 ac
425 2843 494 2879 ex
539 2822 1059 2880 observationibus
1116 2833 1441 2879 auctorum
1486 2821 1850 2877 concludere
1897 2820 2092 2876 liceat.
2142 2819 2290 2875 Mihi

176 2925 340 2981 enim
363 2944 486 2979 non
517 2943 704 3001 sporae
741 2942 893 2979 verae
932 2931 1372 2998 apparuerunt,
1416 2941 1550 2997 quae
1580 2931 1651 2977 ut
1684 2920 1822 2976 alias
1859 2940 1930 2976 ex
1958 2920 2291 2994 perisporio

178 3023 476 3080 elabentes
513 3022 761 3099 singulae
790 3021 1091 3098 singulam
1132 3021 1401 3097 plantam
1435 3030 1796 3095 procreant;
1839 3019 1939 3076 sed
1980 3016 2289 3094 capsulam

180 3126 262 3182 sic
302 3126 530 3183 dictam
560 3125 682 3201 jam
724 3125 785 3181 in
810 3125 1014 3200 planta
1050 3125 1229 3180 matri
1259 3121 1624 3179 articulatim
1667 3117 1881 3191 dividi,
1920 3129 1978 3175 et
2006 3116 2178 3195 (cum
2209 3118 2295 3172 in-

180 3226 462 3283 cludente
485 3225 865 3304 membrana)
898 3224 1163 3299 denique
1193 3223 1486 3298 integram
1513 3221 1835 3296 segregari,
1864 3228 2050 3294 atque
2075 3235 2292 3273 novam

181 3326 451 3402 plantam
479 3343 643 3380 mera
668 3324 1007 3381 evolutione
1043 3322 1311 3399 partium
1333 3318 1456 3396 jam
1478 3319 1859 3377 existentium
1895 3316 2142 3374 formari
2167 3332 2293 3370 cre-

183 3424 463 3481 diderim.
495 3421 664 3478 Hanc
696 3425 1043 3500 opinionem
1071 3423 1463 3498 sequentibus
1485 3421 1823 3479 rationibus
1845 3437 2111 3477 assumO.
2147 3414 2291 3470 1⁰11}

185 3523 323 3602 Sph.
339 3522 613 3603 filicina‚
649 3540 786 3597 quae
814 3523 1086 3600 capsulas
1121 3523 1183 3578 in
1218 3523 1388 3580 axilla
1430 3522 1810 3579 ramulorum
1844 3518 2065 3576 sessiles
2106 3526 2164 3572 et
2203 3525 2293 3572 sat

186 3644 429 3702 magnas
461 3625 634 3702 gerit,
663 3625 842 3682 talem
875 3624 1137 3682 materiae
1166 3623 1414 3681 internae
1445 3623 1800 3681 divisionem
1826 3619 2139 3675 observare
2161 3635 2294 3675 cre-

190 3725 315 3783 didi
364 3723 819 3802 (capsulifcram
870 3744 1188 3802 nunquam
1216 3725 1506 3782 viventem
1544 3720 1704 3799 vidi).
1747 3720 1889 3777 2⁰In
1931 3715 2068 3795 Sph.
2105 3714 2296 3774 triha-
