2508 4022
1072 238 1389 292 -84-

255 428 401 466 XLIX.
429 407 801 463 DUDRESNAJA
851 412 1093 464 Crocum
1131 407 1190 459 A
1200 429 1301 462 ηπ.
1330 405 1433 463 cles
1452 427 1532 464 sc.
1561 419 1686 464 nat.
1713 407 1981 484 (reform.
2008 405 2196 482 char).

256 535 439 589 Frons
462 532 1282 605 articulato-tubulosa,tubo
1305 533 1564 608 denique
1589 533 2072 590 intus-divisione
2095 532 2280 588 cellu-

174 636 323 706 lOSO,
349 645 517 690 extus
557 644 740 690 strato
768 644 928 689 arcte
965 634 1245 707 ffllpresso
1296 631 1539 689 filorum
1585 633 2142 709 longituslinalium,
2176 630 2274 687 sila

172 733 549 808 peripherica
627 733 1113 788 moniliformiter
1177 733 1488 789 articulata
1548 754 1729 790 muco
1808 754 1928 788 non
2005 733 2273 789 involuta

169 835 530 906 gerentium,
593 834 807 887 cincto.
856 832 1109 887 Fructus
1168 830 1418 907 duplex?
1461 832 1806 890 Favellidia
1847 852 1955 906 per
2002 833 2276 887 frondem

169 953 370 1008 sparsa
431 953 775 1001 numerosa,
800 933 874 988 ad
932 933 1102 988 basin
1160 931 1403 989 filorum
1465 934 1970 988 niioniliformium
2020 931 2279 987 breviter

167 1032 520 1108 pedicellata
556 1045 611 1089 et
641 1034 822 1108 plexu
848 1034 1071 1089 horum
1109 1032 1485 1088 umbellatim
1511 1033 2018 1089 involucrantium
2068 1031 2278 1096 cincta,

167 1145 502 1190 extrorsum
547 1134 733 1198 nuda,
775 1135 927 1190 intra
959 1135 1358 1209 perisporium
1388 1136 1697 1213 hyalinum
1735 1137 2271 1192 membranaceum

166 1236 504 1309 congeriem
535 1233 961 1309 subglobosam
988 1253 1307 1309 sperarum
1343 1237 1720 1291 minutarum
1768 1238 2040 1292 foventia,
2076 1234 2280 1313 8ρῆᾱὲἢ

166 1353 425 1411 rosporoe
451 1334 721 1390 obovatae
744 1333 819 1388 ad
843 1332 945 1389 fila
983 1334 1412 1390 moniliformia
1437 1336 1681 1405 sessiles‚
1727 1337 1991 1411 denique
2017 1357 2215 1413 sporas
2243 1336 2280 1406 [4

165 1431 582 1492 continentes?
622 1469 702 1476 —
726 1433 879 1510 Algae
903 1435 1314 1508 maximopere
1341 1432 1590 1490 lubricae
1620 1436 2030 1490 ramosissimae
2069 1435 2279 1491 filifor-

164 1555 289 1592 mes
314 1535 627 1591 coccineo-
652 1551 1003 1609 purpureae²
1031 1532 1282 1589 ramulis
1306 1534 1477 1589 initio
1502 1533 1989 1591 subverticillatis
2014 1536 2278 1611 denique

162 1634 440 1692 frondem
473 1644 538 1689 ut
565 1645 826 1691 stratum
853 1633 1111 1689 densum
1149 1633 1562 1708 cooperientib
1574 1654 1657 1690 us.

243 1735 531 1791 Auctores
556 1734 789 1791 laudati
817 1731 1005 1809 hujus
1050 1734 1280 1808 generis
1324 1753 1354 1788 a
1383 1733 1725 1812 [Wesogloia
1756 1735 1994 1792 defectu
2028 1734 2276 1792 filorum

158 1833 691 1911 longitudinalium
737 1832 975 1889 differre
1016 1832 1366 1908 praedicant,
1429 1834 1593 1889 unde
1621 1817 1824 1910 ¹genus
1884 1855 2111 1892 novum
2157 1858 2184 1888 «
2220 1845 2277 1891 et

155 1944 462 1991 structura
495 1945 552 1990 et
611 1933 817 1990 fructu
877 1935 1190 1989 Ceramieis
1227 1933 1583 1989 conveniens
1618 1958 1645 1984 2>
1701 1935 1760 1991 in
1806 1935 2022 1991 vicinia
2069 1933 2274 1995 Wran-

157 2033 321 2108 geliae
367 2032 732 2089 collocatum
783 2031 1012 2089 volunt.
1061 2031 1240 2101 Quod
1300 2034 1569 2107 primum
1631 2045 1997 2092 structuram
2035 2035 2269 2105 attinet,

158 2141 511 2207 sequentem
564 2132 689 2206 ipse
731 2132 1054 2190 observavi.
1096 2129 1309 2188 Tubus
1355 2135 1630 2191 centralis
1683 2134 1958 2210 juvenilis
1989 2145 2075 2191 est
2108 2136 2276 2191 initio

159 2231 412 2306 simplex
454 2231 813 2288 articulatus
866 2242 926 2287 et
960 2232 1259 2288 verticillis
1312 2234 1686 2309 regularibus
1738 2233 1982 2291 filorum
2034 2236 2277 2290 monili-

158 2332 448 2389 formium
494 2331 648 2387 infra
669 2332 1022 2407 geniculum
1049 2332 1345 2407 quodque
1387 2334 1823 2408 egredientium
1861 2337 2127 2405 cinctus‚·
2175 2336 2272 2391 sed

159 2431 350 2488 tubus
388 2430 663 2486 centralis
709 2432 872 2486 intus
902 2433 1125 2489 sensim
1170 2431 1483 2505 dividitur>
1526 2434 1688 2490 unde
1726 2435 1786 2490 in
1830 2433 2036 2490 adulta
2074 2434 2276 2509 planta

157 2531 321 2587 frons
348 2532 597 2587 interior
623 2530 908 2587 cellulosa
930 2543 1200 2607 apparet.
1231 2532 1459 2589 Eodem
1486 2545 1758 2610 tempore
1794 2537 1987 2591 oritur
2017 2544 2274 2590 stratum

159 2641 475 2687 externum
503 2629 751 2687 filorum
781 2630 1338 2707 longitudinalium‚
1368 2634 1558 2709 quod,
1589 2634 1662 2689 ad
1692 2634 1914 2691 tubum
1947 2632 2276 2689 arctissime

163 2729 540 2804 adpressum‚
596 2743 911 2786 externum
972 2730 1129 2787 illius
1177 2730 1333 2788 latus
1389 2734 1638 2787 omnino
1681 2733 1921 2809 obtegit.
1976 2733 2094 2788 Fila
2148 2733 2276 2788 haec

156 2832 466 2888 articulata
493 2844 653 2904 sunt,
697 2845 758 2890 at
784 2855 902 2889 non
929 2844 1238 2890 contracta
1263 2876 1276 2899 ⁷
1303 2843 1359 2888 et
1395 2832 1508 2888 filis
1550 2834 1910 2889 verticillatis
1938 2832 2276 2889 monilifor-

162 2932 361 2987 {nibus
396 2941 601 2986 ortum
629 2931 848 2986 debere
873 2932 1176 3000 videntur,
1208 2932 1370 2986 unde
1409 2932 1677 2986 verticilli
1701 2932 1760 2986 in
1789 2932 1904 2988 filis
1944 2932 2275 3007 longitudi-

161 3028 405 3085 nalihus
432 3029 783 3105 regulariter
816 3031 1140 3086 insidentes
1166 3041 1475 3107 apparent3
1503 3031 1603 3085 sed
1646 3032 2008 3086 increscente
2043 3031 2274 3097 fronde,

163 3148 314 3183 nova
375 3127 475 3185 fila
520 3130 945 3186 moniliformia
1003 3133 1369 3186 emittuntur
1409 3130 1791 3204 ubicumque
1836 3130 2025 3204 spatia
2070 3130 2272 3185 relicta

165 3239 327 3299 sunt,
379 3229 570 3284 donec
617 3229 896 3285 frondem
941 3231 1188 3286 omnino
1230 3231 1543 3286 investiant
1589 3228 1686 3283 fila
1728 3229 2115 3306 peripherica.
2164 3227 2271 3282 Hic

166 3330 470 3386 crescendi
495 3331 715 3386 modus
738 3351 770 3385 a
795 3329 1107 3387 Ceramieis
1137 3332 1308 3406 longe
1332 3329 1589 3399 aberrat,
1636 3329 1694 3384 in
1743 3328 1967 3404 quibus
2002 3337 2270 3384 ramenta

166 3431 258 3484 vix
313 3431 425 3485 nisi
471 3432 623 3486 rami
663 3429 927 3503 juniores
968 3430 1345 3486 existimandi
1387 3439 1546 3497 sunt,
1586 3448 1727 3483 cum
1776 3438 1945 3484 aetate
1984 3429 2043 3482 in
2073 3446 2269 3481 ramos

168 3531 406 3599 mutati,
435 3531 597 3586 unde
624 3532 787 3587 frons
833 3531 1042 3587 adulta
1085 3532 1143 3586 in
1184 3531 1498 3586 Ceramieis
1527 3531 1811 3583 ramentis
1850 3527 2199 3582 denudatur
2227 3528 2270 3579 si

170 3630 448 3700 quaalam
492 3651 559 3685 ex
601 3632 692 3686 his
722 3632 778 3685 in
804 3630 1047 3705 juvenili
1071 3631 1271 3705 planta
1301 3631 1586 3684 adessent.
1614 3630 1729 3684 Nec
1760 3629 1990 3683 fructus
2031 3625 2269 3681 lf‘avellis

166 3729 557 3784 Cemmiorltm
581 3750 714 3786 vere
741 3729 956 3784 similes
979 3740 1152 3796 suutg
1182 3729 1590 3804 perisporium
1614 3730 1671 3785 in
1713 3726 2025 3782 Geramieis
2064 3724 2265 3779 laxum
