2508 4022
1085 179 1400 237 -86-

508 424 553 460 L.
580 407 873 463 NAccARIA
894 409 1079 466 Endl.
1109 417 1258 472 Gen.
1279 412 1473 489 plant.
1494 416 1753 495 (afferm.
1777 391 1976 499 char.)

268 613 452 670 Frons
475 613 782 686 cellulosa‚
812 615 1038 672 cellulis
1059 619 1446 677 interioribus
1472 600 1806 698 oblongatis
1837 626 2089 702 hyalinis
2112 640 2297 686 strato

189 713 544 770 cellularum
584 715 1108 790 granuliformium
1136 718 1195 772 in
1234 721 1413 774 ramis
1438 724 1737 793 primariis
1780 736 1940 781 arcte
1963 729 2301 785 coalescen-

187 814 368 887 tium,
400 813 464 869 in
505 813 869 871 secundariis
920 816 1198 872 laxorum
1247 828 1305 873 et
1346 820 1404 874 in
1449 819 1546 875 fila
1592 823 1935 879 ‹lichotoma
1980 827 2301 884 divaricata

190 912 506 970 articulata
550 913 804 968 invicem
849 914 1151 971 sublibera
1187 915 1570 989 abeuntium,
1617 923 1845 978 cinctis.
1898 916 2152 983 Fructus
2192 928 2304 984 du—

191 1010 373 1090 plex?
421 1011 767 1070 Favellidia
820 1015 877 1069 in
929 1015 1472 1074 intumescentibus
1534 1023 1780 1078 ramulis
1830 1024 2180 1099 subsingula
2227 1028 2297 1081 ad

191 1114 366 1172 basin
397 1113 642 1170 filorum
680 1114 896 1170 sessilia
937 1126 994 1171 et
1032 1115 1209 1189 plexu
1236 1115 1458 1173 horum
1493 1120 1872 1178 umbellatini
1920 1124 2306 1180 involucran-

193 1217 353 1272 tium
369 1216 578 1286 cincta,
590 1214 744 1270 intra
759 1215 1166 1290 perisporium
1184 1214 1492 1290 hyalinum
1514 1224 1850 1296 congeriem
1878 1223 2303 1297 subglobosam

194 1339 509 1397 sporarum
536 1321 913 1375 minutarum
932 1318 1205 1375 foventia.
1222 1321 1673 1395 Spoet'ospor’ae...
1694 1318 1850 1396 Algae
1872 1320 2177 1378 filiformes
2202 1333 2308 1378 aut

196 1419 786 1494 compresso-planae,
806 1438 1007 1489 roseae,
1028 1419 1324 1492 pinnatim
1348 1437 1407 1471 ra
1418 1420 1786 1488 niosissimae,
1807 1423 1987 1477 ramis
2012 1423 2307 1496 primariis

196 1521 554 1595 compactis,
582 1519 829 1575 ramulis
860 1518 936 1573 ob
973 1528 1241 1573 ramenta
1273 1515 1490 1570 laxiora
1518 1518 2080 1576 intumescentibus.

275 1619 520 1688 Plantae,
569 1637 706 1693 quae
756 1618 873 1672 hoc
926 1636 1113 1693 genus
1162 1619 1571 1686 constituunt,
1626 1622 1943 1676 rarissimae
1998 1623 2303 1693 videntur,

195 1719 357 1775 unde
398 1718 585 1774 dubia
611 1718 685 1773 de
726 1718 932 1773 fructu
979 1716 1180 1772 adhuc
1219 1730 1480 1774 manent.
1530 1719 1597 1774 In
1641 1725 1717 1775 Ν.
1778 1720 2052 1800 Wigghii
2075 1724 2309 1779 fructus

195 1818 421 1894 duplex
447 1816 830 1888 describitur,
866 1818 925 1872 in
963 1816 1212 1872 ramulis
1240 1816 1784 1874 intumescentibus
1829 1831 2087 1895 uterque
2118 1823 2263 1878 situs
2291 1844 2304 1876 ε

199 1942 357 1977 unus
399 1922 460 1976 in
500 1920 701 1975 medio
731 1918 1112 1975 ramulorum
1156 1916 1405 1992 globum
1453 1919 1754 1973 seminum
1800 1919 2133 1988 includens,
2166 1921 2311 1977 alter

194 2019 346 2075 infra
396 2019 562 2074 basin
590 2017 835 2074 filorum
883 2017 1213 2073 seminibus
1263 2017 1677 2071 minutissimis
1719 2027 1998 2074 constans
2042 2016 2193 2097 (Ag.
2225 2039 2310 2096 Sp.

193 2118 345 2198 Alg.
378 2139 436 2196 p.
470 2108 598 2175 112.
640 2122 813 2177 Grex).
853 2117 1002 2195 Alg.
1037 2119 1214 2173 Bricc.
1253 2135 1312 2190 p.
1364 2113 1521 2189 152).
1551 2114 1873 2191 DiagnosiS,
1904 2135 2092 2191 quam
2130 2138 2311 2192 supra

197 2219 364 2287 dedi,
396 2217 469 2273 ab
501 2219 614 2273 hac
637 2218 1037 2291 descriptione
1063 2214 1302 2271 abludit
1329 2224 1386 2268 et
1408 2234 1440 2268 a
1469 2213 1670 2286 planta
1699 2215 1974 2270 desumta
1998 2225 2101 2284 est,
2126 2235 2312 2290 quam

193 2320 336 2376 olim
383 2338 524 2375 cum
568 2317 759 2374 dubio
782 2319 845 2373 in
886 2318 1099 2373 vicinia
1129 2314 1272 2394 Splz.
1314 2320 1370 2373 T
1362 2314 1519 2372 eeclii
1544 2318 1734 2372 referi.
1771 2316 1828 2372 Si
1864 2329 2070 2374 autem
2100 2339 2309 2376 verum

191 2429 277 2475 est
303 2420 572 2476 fructum
593 2439 626 2474 a
657 2428 959 2475 structura
983 2418 1169 2493 ipsius
1194 2417 1421 2473 frondis
1448 2416 1730 2492 pendere,
1762 2418 1908 2473 etab
1930 2439 2046 2475 una
2070 2419 2144 2475 ad
2162 2420 2313 2475 alte-

189 2540 330 2576 rum
373 2517 735 2574 concludere
787 2517 980 2586 licere,
1026 2517 1221 2572 ideam
1272 2536 1458 2591 quam
1501 2535 1684 2589 supra
1726 2517 1800 2572 de
1845 2514 2310 2574 fructificatione

191 2621 332 2677 dare
359 2619 542 2689 volui,
590 2600 812 2693 justam
843 2636 965 2674 esse
1002 2636 1221 2691 parum
1252 2614 1494 2671 dubito.
1524 2613 1935 2692 Spaerosporas
1973 2616 2060 2672 vel
2091 2635 2310 2692 organa

189 2721 284 2776 his
314 2719 559 2794 analoga
599 2717 674 2773 ab
699 2716 1050 2773 auctoribus
1073 2716 1373 2791 descripta
1417 2736 1538 2771 non
1561 2714 1718 2785 vidi3
1752 2735 1890 2792 quae
1936 2726 2139 2772 autem
2179 2716 2311 2773 des-

192 2819 513 2875 cribuntur
537 2836 699 2873 veras
730 2836 874 2886 esse,
914 2835 1273 2892 magnopere
1305 2814 1545 2886 dubim,
1582 2815 1718 2871 licet
1744 2819 1808 2872 in
1838 2816 2304 2891 descriptionem

189 2917 679 2974 antecedentium
718 2926 1041 2971 auctorum
1103 2914 1270 2970 haud
1317 2915 1468 2970 male
1514 2915 1726 2970 cadere
1765 2915 2005 2972 videtur
2052 2916 2304 2992 analysis

193 3019 330 3074 data
390 3017 637 3092 plantae,
676 3025 883 3071 nostro
940 3013 1164 3088 judicio
1214 3014 1467 3069 maxime
1509 3010 1729 3082 affinis,
1771 3014 1834 3068 in
1893 3014 2303 3070 recentissimo

194 3138 371 3195 opere
397 3119 698 3174 Decaisnei
733 3117 977 3173 nomine
1014 3114 1464 3173 Heterocladioe
1493 3126 1563 3173 ut
1587 3135 1775 3192 genus
1816 3135 2043 3173 novum
2090 3137 2307 3194 propo-

192 3219 337 3275 sitae.
369 3216 550 3273 Nobis
579 3248 653 3257 —
676 3217 722 3271 si
748 3226 954 3272 eontra
978 3216 1361 3271 auctoritates
1380 3224 1572 3270 tantas
1598 3214 1948 3288 opinionem
1985 3216 2305 3293 hypothesi

192 3317 408 3375 fultam
449 3315 626 3372 affere
656 3314 846 3384 liceat,
881 3314 1367 3390 sphaerosphoras
1395 3313 1480 3370 vel
1516 3315 1577 3369 in
1612 3313 1752 3389 ipsis
1791 3311 1907 3370 filis
1960 3315 2305 3391 peripericis

192 3418 578 3475 ramulorum
607 3413 875 3482 formari,
923 3425 1029 3471 aut
1066 3415 1140 3471 ad
1185 3415 1315 3473 haec
1345 3424 1584 3472 externe
1624 3414 1756 3473 sitas
1783 3413 1929 3486 fore,
1972 3415 2302 3473 verosimile

199 3518 454 3575 videtur.

274 3616 361 3674 Ad
391 3636 577 3693 genus
606 3615 936 3674 Naccarioe
969 3615 1192 3692 itaque,
1222 3628 1437 3694 praeter
1477 3619 1740 3693 speciem
1775 3625 2147 3694 sequentem,
2186 3633 2304 3670 nu-

188 3734 494 3776 meramus
554 3721 635 3774 N.
671 3713 1031 3776 Schousboei
1062 3714 1229 3794 (Sph.
1261 3712 1620 3778 Schousboei
1657 3715 1782 3795 Ag.
1842 3710 2027 3793 symb.
2053 3734 2113 3791 p.
2182 3709 2299 3791 16);
