2508 4022
1125 277 1201 284 ....
1246 244 1324 300 38
1367 273 1446 282 .-

226 375 327 435 97.
373 357 453 415 D.
476 375 683 434 repens
704 377 832 414 nov.
855 377 940 437 sp.
964 379 976 416 :
1009 358 1329 417 frondibus
1348 378 1381 412 a
1408 357 1607 414 radice
1646 368 1888 432 repente
1910 357 2249 424 stolonifera
2271 361 2332 417 in

306 457 569 531 caespites
593 457 861 515 minutos
887 459 1105 535 rigidos
1135 457 1394 515 collectis
1424 456 1746 513 linearibus
1780 459 2062 514 coriaceis
2100 458 2335 534 simpli-

304 552 475 611 cibus
496 553 725 612 obtusis
746 567 853 613 aut
875 557 1219 632 parcissime
1242 555 1604 614 dichotomis
1619 557 1961 634 ‚segmentis
1978 558 2337 615 erectiuscu·

302 652 372 709 lis
402 654 870 713 transversaliter
892 656 1209 733 rugulosis.

289 768 421 817 Hah.
454 769 514 817 ad
553 786 704 835 rupes
753 772 1113 821 vehementiori
1138 773 1275 820 fluxu
1313 775 1565 837 expositas
1599 775 1650 821 in
1678 774 1837 821 limite
1879 776 2026 823 maris
2069 790 2225 840 prope
2256 776 2329 823 St.

222 856 443 919 Hospice
469 857 637 907 Niceae
675 858 794 922 legi.

286 959 530 1024 Caespites
566 963 748 1009 minuti
777 964 858 1010 vix
893 962 1022 1010 ultra
1048 962 1403 1027 bipollicares‚
1449 963 1658 1030 rupibus
1703 978 1790 1030 per
1840 964 2026 1012 radices
2070 965 2335 1027 elongatos

224 1053 454 1109 repentes
483 1054 531 1093 et
559 1047 727 1095 foliola
753 1063 883 1096 nova
907 1049 1114 1113 sparsim
1144 1050 1428 1097 emittentes
1462 1051 1732 1097 arctissime
1754 1048 2079 1107 adhaerentes,
2107 1058 2331 1098 recentes

218 1129 376 1178 dilute
402 1132 955 1182 olivaceo-lutescentes
1004 1134 1330 1193 sublubricae,
1383 1136 1639 1182 exsiccatae
1671 1135 1971 1197 ferruginnae
1996 1142 2045 1180 et
2070 1135 2209 1197 quasi
2236 1151 2329 1183 co-

223 1217 423 1273 riaceae,
454 1217 637 1266 chartae
662 1235 841 1284 parum
865 1219 1194 1270 adhaerentes,
1223 1221 1443 1270 Frondes
1469 1237 1493 1268 a
1521 1220 1687 1268 radice
1731 1230 1986 1283 surgentes
2025 1237 2157 1284 saepe
2202 1223 2327 1268 sim-

224 1303 532 1366 plicissimae,
564 1305 851 1368 longissime
871 1315 1114 1367 cuneatae,
1151 1308 1310 1354 rarius
1335 1322 1483 1370 parce
1507 1305 1833 1364 dichotomae;
1861 1315 2118 1369 segmenta
2145 1307 2330 1354 lineam

222 1388 304 1436 vix
329 1387 460 1447 latae,
504 1397 780 1442 transverse
821 1390 1055 1453 rugulosa
1075 1391 1262 1438 -fere
1302 1392 1530 1440 frondem
1556 1393 1742 1440 diceres
1789 1401 2066 1441 transverse
2093 1393 2330 1441 lineatam

218 1477 477 1527 Amansiae.

299 1579 390 1637 An
412 1583 634 1656 species
653 1602 687 1637 a
706 1581 788 1638 D.
791 1578 1076 1661 fasciola
1105 1582 1355 1654 diversa,
1375 1583 1463 1639 vel
1483 1592 1723 1640 tantum
1749 1583 1942 1639 forma
1962 1603 1996 1638 a
2017 1583 2150 1640 loco
2171 1603 2335 1640 cres-

216 1677 393 1734 cendi
413 1677 782 1753 dependenS‚
813 1690 873 1738 et
912 1690 980 1738 ut
1022 1700 1253 1751 omneS‚
1282 1702 1420 1759 quae
1455 1683 1517 1738 in
1537 1682 1798 1758 rupibus
1822 1684 2100 1758 expositis
2126 1683 2331 1740 limitis

215 1789 517 1850 crescunt,
537 1781 750 1838 fronde
771 1802 928 1839 nana
962 1793 1122 1840 arcte
1142 1783 1486 1840 adhaerente
1504 1781 1758 1839 firmiori
1779 1792 1839 1839 et
1861 1782 2211 1858 simpliciori
2248 1784 2333 1838 in-

214 1887 444 1936 structa
466 1890 528 1937 et
559 1880 859 1939 distincta.
887 1882 1071 1940 Frons
1097 1893 1300 1940 tamen
1331 1893 1657 1938 transverse
1694 1881 1974 1957 rugulosa
2009 1900 2043 1936 a
2081 1882 2212 1938 loco
2250 1903 2329 1938 na

215 1976 319 2033 tali
348 1978 443 2034 vix
470 1978 732 2053 pendere
766 1991 971 2056 queat,
997 1992 1056 2039 et
1091 1982 1250 2038 axilli
1275 1982 1789 2038 dichotomiarum
1813 1983 2111 2038 acutiores
2136 2000 2325 2056 quam

216 2076 279 2132 in
313 2074 396 2133 D.
405 2073 711 2155 fasciola,
738 2080 902 2137 unde
924 2081 1182 2157 speciem
1205 2100 1407 2138 revera
1431 2080 1726 2137 diversam
1753 2080 2174 2137 existimarem.

640 2287 792 2325 xxix.
836 2247 1621 2349 ZoNAR1AAg.nob.Symb.
1652 2269 1827 2327 Cont.
1864 2291 1909 2325 1.

214 2429 312 2505 98.
358 2433 428 2490 Ζ.
458 2428 748 2509 adspersa
769 2431 893 2512 Ag.
926 2452 1012 2511 sp.
1034 2454 1096 2512 p.
1133 2433 1262 2492 128.

281 2545 412 2593 Hah.
455 2564 483 2594 e
519 2549 831 2612 profundiori
882 2553 1006 2599 mari
1050 2552 1278 2599 Massiliae
1305 2551 1460 2598 semel
1507 2552 1787 2615 frequenter
1830 2552 2066 2614 rejectam
2113 2553 2172 2599 ad
2207 2568 2316 2616 cap.

214 2631 460 2679 Croisette
483 2632 598 2696 legi.

296 2735 551 2794 Fructus
580 2739 788 2814 ignoti,
809 2739 912 2795 sed
940 2740 1242 2798 crescendi
1281 2741 1503 2797 modus
1540 2751 1601 2797 et
1636 2739 1808 2797 frons
1850 2739 2201 2798 umbilicata
2238 2762 2326 2799 se-

213 2833 424 2909 quenti
449 2837 787 2910 proximam
812 2837 1086 2894 suadent.

211 2986 307 3044 99.
330 2972 401 3029 Z.
427 2968 677 3029 collaris
687 2970 810 3050 Ag.
828 2990 913 3049 sp.
932 2992 991 3049 p.
1011 2990 1031 3027 1
1047 2992 1143 3048 27.
1163 2969 1739 3052 Stiftiaprotocypus
1774 2974 1988 3032 Nardo
2009 2978 2128 3032 Isis
2151 2975 2318 3047 1854,

286 3087 345 3144 p.
371 3067 445 3145 67
460 3088 478 3124 1
495 3111 507 3123 .
524 3079 585 3125 et
600 3088 718 3149 seq.
742 3068 954 3149 Stg‘ftia
976 3075 1040 3127 N
1037 3069 1181 3127 ardi
1198 3071 1476 3129 Zanard.
1490 3115 1521 3127 ..
1548 3071 1941 3130 Zanardinia
1966 3085 2321 3153 prototypus

290 3164 590 3223 Nauia...
616 3167 872 3226 Padina
893 3167 1277 3248 omphalodes
1297 3177 1492 3229 Mont.
1521 3177 1618 3230 Cr.
1644 3170 1876 3250 Algier.
1903 3193 1960 3227 n.
1988 3173 2113 3230 168.

275 3282 407 3334 Hah.
432 3285 638 3348 rupibus
659 3286 1032 3350 conchyliisquc
1069 3290 1308 3336 demersis
1345 3292 1535 3347 adnata,
1567 3292 1616 3336 in
1646 3289 1850 3337 sinubus
1888 3292 2314 3355 tranquillioribus

206 3369 464 3434 utriusque
486 3372 637 3418 maris
662 3387 769 3419 rara
787 3375 992 3436 species;
1017 3390 1076 3421 ex
1101 3375 1264 3423 insula
1289 3378 1421 3437 Pago
1439 3375 1716 3435 Biasoletto,
1739 3392 1798 3423 ex
1811 3378 2010 3425 Venetia
2026 3377 2309 3435 Zanardini‚

205 3468 264 3500 ex
290 3455 508 3504 Massilia
527 3456 697 3516 Soller,
723 3472 784 3505 ex
819 3460 961 3506 Nizza
991 3457 1155 3519 Bisso;
1189 3461 1249 3508 ad
1286 3457 1536 3519 Pozzuoli,
1565 3461 1761 3521 Amalfi,
1782 3463 1990 3510 Salerno
2021 3471 2068 3509 ct
2091 3465 2140 3509 in
2163 3470 2310 3526 portu

204 3537 343 3585 Villae
368 3543 568 3589 Fraucae
593 3541 708 3604 legi.
2229 3552 2240 3563 ⁹

268 3642 439 3692 Planta
462 3647 710 3694 rarissima
736 3656 783 3693 ct
831 3657 1070 3709 quantum
1098 3653 1212 3698 novi
1256 3652 1304 3697 in
1343 3650 1454 3698 loco
1501 3650 1650 3698 natali
1677 3660 1818 3699 antea
1859 3664 2133 3713 numquam
2157 3650 2304 3709 lecta,

205 3725 334 3773 unde
360 3743 532 3777 omnes
557 3731 687 3779 illius
712 3732 1065 3798 descriptiones
1093 3751 1263 3783 revera
1287 3750 1463 3800 parum
1485 3737 1747 3798 quadrant,
1782 3747 1827 3785 et
1851 3738 2148 3800 synonymia
2178 3736 2288 3799 plus
