2508 4022
1036 278 1116 290 m„
1159 248 1359 303 81..-

139 382 360 440 sessiles
405 379 517 436 filis
572 374 1094 445 involucrantibus
1150 373 1357 451 paucis
1417 370 1599 441 fultae,
1642 372 1798 427 intra
1853 366 2259 446 perisporium

140 483 539 560 gelatinosum
570 478 884 556 hyalinum
918 495 1126 551 sporas
1154 473 1464 550 angulatas
1494 489 1846 544 numerosas
1872 470 2028 527 laxas
2054 469 2262 525 foven-

142 594 244 640 tes.
261 579 695 660 Sphoerosporoe
720 581 779 634 in
805 577 1033 633 cellulis
1053 574 1481 652 geniculorum
1504 571 2050 628 intumescentibus
2069 568 2265 625 nidu-

142 684 324 738 lantes
369 680 393 758 (
413 692 474 737 et
514 681 585 736 ad
626 677 899 756 genicula
925 676 1157 753 singula
1191 669 2038 749 transversaliternumerosae)
2068 675 2269 748 sphae-

143 784 300 852 ricae,
323 782 478 837 intra
504 779 906 857 perispcrium
937 777 1250 853 hyalinum
1286 775 1345 829 in
1368 792 1575 849 sporas
1607 768 1645 841 [4
1669 769 1960 847 triangule
1985 770 2203 828 divisae.

156 927 284 984 162.
315 932 381 986 C.
417 926 692 984 ciliatum
717 923 845 1002 Ag.
884 944 968 1001 sp.
1000 944 1057 1001 ρ.
1103 922 1231 978 155.

216 1046 344 1094 Hah.
389 1047 450 1095 ad
484 1060 627 1110 rupes
654 1042 1093 1090 vehementissimo
1126 1041 1261 1088 fluxu
1291 1043 1558 1105 expositas,
1587 1043 1636 1088 iu
1660 1040 1818 1087 limite
1844 1038 1993 1086 maris
2018 1037 2276 1097 utriusque

152 1135 454 1197 frequenter.

158 1295 287 1351 165.
316 1298 379 1351 C.
417 1287 798 1368 diaphatzzcm
830 1288 954 1368 Ag.
995 1306 1079 1367 Sp.
1125 1308 1182 1366 p.
1228 1286 1360 1343 150.

218 1419 347 1467 Hal).
377 1421 426 1465 in
451 1417 556 1466 aliis
581 1418 713 1480 Algis
739 1418 1016 1482 parasitica,
1044 1418 1094 1463 in
1133 1415 1339 1463 sinubus
1369 1414 1804 1478 tranquillioribus
1831 1416 2086 1478 utriusque
2113 1416 2278 1463 maris.

162 1576 289 1647 164.
316 1582 380 1635 C.
411 1574 659 1634 rubram
683 1577 805 1654 Ag.
851 1595 934 1653 sp.
966 1595 1024 1652 p.
1087 1574 1213 1632 146.

225 1713 355 1763 Hah.
384 1729 498 1761 cum
523 1713 850 1779 praecedente,
882 1714 1069 1778 species
1096 1715 1146 1759 in
1173 1712 1540 1759 Mediterraneo
1569 1714 1732 1759 miuus
1762 1712 2010 1775 frequens.

683 1957 956 2016 TRIBUS
1002 1957 1076 2014 ΙΙ.
1131 1955 1748 2015 CRYPTONEMEAE.

246 2199 429 2255 Frons
461 2195 743 2252 cellulosa
770 2194 1001 2274 duplici
1030 2204 1210 2250 strato
1242 2194 1606 2259 constituta3
1638 2194 1921 2250 interiore
1956 2214 1987 2249 e
2014 2192 2127 2250 filis
2162 2198 2297 2271 plus

165 2301 369 2356 minus
388 2295 742 2365 intertextiS‚
763 2295 1061 2351 rarissime
1082 2315 1112 2348 e
1137 2292 1288 2349 tubo
1310 2294 1545 2368 singulo
1571 2303 1678 2349 aut
1705 2293 1931 2350 cellulis
1962 2295 2302 2352 minoribus

167 2398 526 2464 constitut03
542 2397 830 2452 exteriore
846 2414 1013 2450 nunc
1034 2392 1147 2449 filis
1161 2392 1603 2448 moniliformib
1615 2413 1682 2450 us
1696 2393 1920 2460 liberis,
1932 2415 2100 2451 nunc
2116 2416 2300 2453 muco

168 2498 452 2556 involutis
469 2497 555 2553 vel
571 2498 630 2552 in
648 2506 908 2551 stratum
941 2494 1318 2569 compactius
1340 2492 1815 2552 coalescentibus
1833 2538 1847 2564 ‚
1880 2516 2046 2552 nunc
2071 2495 2300 2553 cellulis

168 2599 508 2657 rotundatis
554 2597 876 2673 saepissime
926 2593 1302 2650 radiantibus
1341 2604 1671 2651 constante.
1722 2595 1980 2653 Fructus
2024 2597 2298 2674 duplex:

170 2695 523 2757 Favellidia
562 2698 622 2752 in
671 2695 950 2751 interiore
998 2704 1183 2750 strato
1233 2693 1320 2749 vel
1359 2693 1433 2748 ad
1478 2694 1650 2750 basin
1696 2692 1943 2753 filorum
1997 2698 2303 2754 exterioris

170 2798 370 2856 frondi
399 2798 804 2854 subimmersa
826 2839 839 2863 ‚
866 2794 1166 2850 rarissime
1192 2793 1347 2849 intra
1373 2795 1778 2871 pericarpium
1808 2798 2129 2871 proprium
2174 2816 2306 2854 evo-

174 2900 332 2968 luta,
377 2900 532 2955 intra
565 2896 967 2972 perisporium
1007 2891 1322 2968 hyalinum
1365 2893 1905 2953 membranaceum
1945 2917 2102 2974 saepe
2140 2908 2306 2954 tena-

177 2999 488 3056 cissimum
507 2996 835 3052 arctissime
855 2993 1243 3050 circumdans
1267 3014 1473 3070 sporas
1496 2997 1760 3052 minutas
1784 3000 2306 3056 numerosissimas

177 3101 238 3155 in
259 3097 671 3175 glomerulum
699 3104 1005 3171 congestas
1035 3095 1312 3150 foventia.
1361 3093 1817 3175 Splzaemsporoe
1856 3099 2165 3174 sphaericae
2202 3112 2307 3156 aut

181 3198 452 3273 oblongae
507 3196 592 3274 (in
634 3193 1025 3275 paucioribus
1072 3194 1391 3269 generibus
1437 3206 1678 3251 tantum
1730 3197 1954 3275 notae),
1997 3200 2308 3275 morphosi

183 3297 538 3353 cellularum
573 3295 929 3370 peripheriae
955 3292 1242 3361 formatae,
1267 3294 1326 3349 iu
1352 3313 1556 3370 sporas
1593 3297 1627 3367 ᾗ
1667 3296 1955 3354 divisione
1984 3299 2303 3375 triangula,
2346 3332 2349 3334 >

184 3407 389 3453 zonata
413 3405 519 3450 aut
543 3397 808 3450 cruciata
839 3394 1057 3449 divisae.

265 3506 693 3576 Cryptonemeoe
739 3505 879 3549 sunt
917 3490 1220 3549 Cemmieoe
1261 3497 1314 3549 in
1361 3496 1586 3570 quibus
1633 3512 1902 3556 ramenta
1942 3502 2088 3557 adeo
2128 3502 2311 3559 densa

188 3609 345 3667 sunt,
369 3607 439 3652 ut
478 3605 731 3652 stratum
775 3594 1226 3667 peripherieum
1272 3598 1524 3651 omnino
1559 3599 1870 3655 includens
1912 3602 2194 3657 formant.
2243 3601 2313 3656 In

195 3693 604 3755 Gloioclczdeis
639 3694 753 3750 sul)
792 3693 983 3750 forma
1029 3708 1443 3752 ramentorum
1482 3709 1539 3753 et
1584 3699 1788 3754 adhuc
1827 3700 1945 3757 fere
1983 3701 2168 3757 libera
2209 3709 2316 3757 aut

194 3806 434 3857 tantum
481 3815 664 3852 muco
703 3794 908 3849 laxiori
956 3794 1222 3852 involuta
1259 3806 1513 3850 stratum
1549 3809 1860 3854 externum
1897 3801 2098 3869 adest;
2137 3803 2193 3857 in
2227 3820 2320 3856 se-

2048 3904 2076 3949 6
