2508 4022
1054 198 1377 254 ...29-

168 327 380 374 Frondes
407 327 510 373 basi
530 325 821 388 plerumque
844 322 1172 384 nudiusculae,
1201 331 1248 369 et
1275 338 1298 369 a
1327 322 1492 369 medio
1517 324 1748 371 fasciculo
1767 340 2016 373 ramorum
2036 326 2264 378 obsessae.

163 416 304 461 Rami
329 413 550 474 subvagi‚
596 426 725 457 nunc
751 410 985 474 oppositi,
1015 424 1145 457 nunc
1174 410 1348 457 alterni
1384 417 1465 454 aut
1495 412 1668 471 sparsi,
1698 411 2266 469 erecto—adscendentes,

165 501 322 548 axillis
346 499 659 555 acutissimis,
688 495 934 562 sphacella
958 495 1249 559 plerumque
1278 494 1478 559 hyalina
1513 503 1596 541 aut
1621 497 1672 541 in
1715 496 1819 543 aliis
1855 500 2059 546 materia
2094 499 2269 545 obscu-

163 589 291 633 riore
316 584 520 649 repleta,
549 583 710 630 frondi
734 596 910 647 parum
950 581 1145 641 latiore,
1198 581 1464 628 terminati.
1512 579 1711 626 Ramuli
1760 583 1810 627 in
1851 584 2102 646 superiore
2133 592 2271 648 parte

163 671 367 733 hyalini.
398 670 599 717 Articuli
623 667 853 733 siphones
874 666 997 714 duos
1025 675 1375 725 monstrantes,
1404 666 1646 713 diametro
1675 666 2114 730 sesquilongiores.
2148 672 2272 716 Pro-

163 756 344 820 pagula
378 755 555 801 eodem
580 753 730 801 modo
759 768 813 800 ac
848 755 973 799 rami
1016 752 1281 816 disposita,
1312 756 1439 799 intra
1481 750 1826 799 membranam
1873 756 2133 801 materiam
2160 769 2274 817 gra-

166 841 397 888 nulosam
424 840 734 888 articulatam
759 838 999 895 foventia3
1026 854 1050 885 a
1076 839 1225 885 latere
1248 840 1382 886 visa:
1412 837 1606 885 clavata
1634 838 1773 901 apice
1797 838 2080 895 rotundato;
2105 856 2130 885 a
2151 840 2273 887 facie

167 927 426 973 observata
458 942 468 972 :
512 926 774 984 tricorum,
816 924 865 971 h.
897 924 948 971 'e.
998 924 1100 971 basi
1136 925 1282 986 longe
1318 932 1523 971 cuneata
1548 924 1674 970 infra
1710 921 1876 987 ipsum
1906 925 2097 988 apicem
2123 926 2272 986 gibbo

167 1015 399 1075 utrinque
429 1011 625 1074 singulo
648 1008 797 1073 (binis
824 1012 890 1057 ita
914 1007 1173 1074 oppositis)
1213 1019 1412 1068 ornata,
1443 1011 1624 1057 vertice
1647 1008 1915 1056 rotundato
1956 1010 2271 1067 subclevato;

170 1097 316 1163 (anne
337 1100 552 1162 denique
578 1115 600 1145 a
620 1112 759 1144 ramo
782 1097 941 1143 soluta
956 1104 1002 1142 et
1023 1096 1317 1155 decidentia,
1356 1095 1515 1158 gibbis
1542 1097 1782 1160 oppositis
1808 1097 1856 1141 in
1884 1096 2105 1142 ramulos
2131 1096 2272 1151 duos,

165 1187 349 1233 vertice
378 1193 425 1231 et
450 1185 554 1232 basi
579 1186 629 1230 in
656 1183 774 1230 alios
802 1183 1115 1234 abeuntibus,
1140 1191 1188 1228 et
1210 1183 1277 1228 ita
1302 1181 1483 1244 plantae
1510 1196 1652 1228 novae
1672 1184 1831 1246 prima
1856 1182 1996 1228 initia
2018 1181 2279 1228 formantia

162 1300 229 1308 —
253 1280 305 1319 ut
329 1272 723 1335 propagationen
752 1268 873 1333 Sph.
896 1268 1131 1316 cirrhosae
1158 1270 1206 1314 in
1231 1276 1322 1317 act.
1354 1267 1524 1314 Holm.
1566 1267 1851 1333 descripsi.)

244 1397 496 1452 Tantam
524 1393 708 1450 habet
738 1414 881 1452 cum
913 1390 1056 1472 Sph.
1088 1410 1396 1449 racemosa
1426 1395 1597 1450 Grev.
1626 1390 2081 1448 similitudinem
2100 1435 2113 1459 ,
2142 1401 2210 1446 ut
2234 1392 2280 1446 si

165 1498 239 1554 de
286 1495 442 1572 justa
490 1495 901 1552 observatione
950 1492 1278 1550 acutissimi
1328 1490 1578 1567 algologi
1623 1491 1825 1547 scotici
1867 1489 2147 1546 dubitare
2197 1492 2280 1546 fas

163 1595 302 1666 fuit,
352 1596 513 1652 illam
557 1613 695 1649 sane
735 1592 1024 1662 credereS,
1070 1590 1245 1667 cujus
1280 1599 1485 1647 autem
1528 1591 1856 1665 propagula
1902 1600 1970 1646 ut
2006 1609 2281 1646 racemus

166 1696 557 1771 capsularum
592 1692 745 1749 male
779 1692 1003 1749 fuerint
1035 1691 1334 1748 intellecta
1359 1700 1419 1746 et
1451 1690 1710 1765 depicta.
1757 1688 1875 1746 Nec
1911 1689 2281 1765 impossibile

167 1797 318 1852 foret
364 1794 620 1868 speciem
671 1792 1194 1867 Meneghinianam
1246 1811 1388 1847 cum
1443 1791 1555 1846 alia
1595 1789 1859 1866 quadam
1898 1810 1929 1845 e
1967 1788 2281 1864 speciebus

165 1893 452 1969 rupicolis
480 1892 743 1948 marium
769 1889 1111 1947 borealium
1147 1889 1474 1947 identicam
1508 1909 1658 1960 esse3
1684 1890 1777 1946 hae
1800 1898 2006 1945 autem
2045 1908 2281 1963 semper

167 1995 492 2069 hucusque
553 1991 777 2048 steriles
838 1991 1162 2048 observatae
1214 1989 1484 2048 fuerunt.
1549 1990 1825 2046 Nostram
1888 2008 2028 2045 cum
2089 1988 2283 2062 specie

169 2093 624 2170 Meneghiniana
641 2090 968 2149 identicam
984 2112 1128 2162 esse,
1145 2091 1475 2168 specimine
1488 2090 1840 2148 authentico
1853 2089 2103 2145 edoctus
2119 2106 2253 2144 sum
2266 2129 2279 2142 .

171 2213 264 2291 74.
311 2209 451 2289 Sph.
490 2209 776 2268 cz‘rrlzosa.
809 2210 935 2289 Ag.
960 2229 1049 2289 sp.
1077 2231 1136 2288 p.
1171 2230 1262 2288 27.

173 2332 264 2408 75.
310 2316 449 2410 Sph.
473 2332 845 2388 cervicornis.
874 2329 1000 2406 Ag,
1021 2348 1106 2408 Sp,
1126 2349 1187 2406 p.
1214 2329 1307 2386 33.

241 2448 368 2496 Hah.
398 2456 604 2510 utraque
626 2449 677 2494 in
706 2448 811 2494 aliis
841 2447 959 2509 algis
981 2448 1255 2510 parasitans
1274 2447 1446 2492 rarius.

176 2554 270 2631 76.
322 2551 460 2631 Sph.
503 2549 906 2629 scoparioides
958 2549 1012 2619 β.
1067 2553 1412 2627 composita.
1465 2549 1592 2627 Ag.
1636 2566 1723 2624 sp.
1773 2568 1834 2624 p.
1878 2548 1988 2614 26;
2031 2567 2105 2602 an
2150 2543 2284 2623 Sph,

257 2652 405 2710 ulex
434 2649 737 2710 Bonnam?

243 2772 372 2820 Hah.
395 2772 455 2818 ad
473 2774 785 2832 Tergestum,
811 2768 929 2831 legit
952 2767 1007 2816 C.
1031 2767 1254 2833 Agardlz.

179 2917 276 2974 77.
300 2893 441 2974 Splz.
472 2896 752 2972 scoparia
772 2915 788 2949 ε
810 2892 1025 2950 fronde
1049 2891 1418 2949 caulescente
1449 2901 1695 2965 stuposa
1723 2885 2293 2962 decomposito-pin—

258 3007 430 3064 nata,
470 2995 670 3071 pinnis
703 2992 1094 3070 pinnulisque
1137 2991 1485 3069 regulariter
1520 2987 1955 3046 alternantibus
1980 3031 1994 3057 ‚
2030 2984 2294 3043 articulis

260 3094 693 3170 subcontiguis.

271 3216 330 3269 V
326 3232 419 3268 ar.
455 3210 815 3291 Hyemalis:
850 3210 1028 3267 ramis
1057 3209 1404 3284 bipinnatis‚
1432 3208 1631 3284 pinnis
1659 3205 2052 3282 pinnulisque
2090 3212 2297 3278 paten-

183 3310 361 3368 tibus.
396 3309 533 3388 Sph.
565 3308 830 3367 disticha
866 3307 970 3367 Lb.
998 3329 1058 3387 p.
1106 3308 1237 3380 104,
1270 3306 1392 3365 tab.
1424 3308 1518 3364 51.
1543 3306 1666 3385 Ag.
1701 3293 1786 3384 sp.
1810 3326 1870 3383 p.
1908 3302 2017 3361 26!
2051 3322 2135 3359 an
2158 3297 2294 3377 Sph.

182 3408 538 3488 Spartioides
567 3409 851 3489 Menegh.
887 3409 999 3466 litt.
1036 3406 1122 3465 ad
1149 3405 1505 3466 Corinaldi?

274 3513 335 3568 V
328 3529 422 3567 ar.
472 3509 788 3566 AEstivalis
826 3512 1006 3567 ramis
1059 3507 1411 3566 fasciculatis
1453 3507 1785 3583 bipinnatis
1827 3502 2021 3580 pinnis
2066 3501 2293 3575 pinnu-

184 3610 376 3685 lisque
407 3610 721 3684 adpressiS.
759 3607 898 3687 Sph.
928 3610 1226 3687 scoparia.
1264 3609 1388 3686 Ag.
1419 3626 1502 3685 sp.
1529 3627 1588 3684 p.
1627 3605 1723 3681 19!

253 3727 375 3774 Hab.
414 3728 472 3773 ad
497 3743 605 3774 saxa
637 3729 856 3787 sinuum,
883 3729 1007 3775 infra
1031 3727 1239 3774 limitem
1270 3724 1512 3783 demersa,
1548 3725 1798 3783 utriusque
1824 3720 1971 3767 maris
1991 3718 2286 3780 frequenter.
