2508 4022
1154 201 1480 256 *62-

268 320 551 391 formam,
578 320 820 376 alterius
846 339 915 375 ex
939 330 1152 395 quarta
1176 320 1659 379 endochromatis
1687 332 1854 396 parte
1883 327 2353 387 constituuntur.

269 418 705 495 Sphaerosporae
753 419 815 473 in
859 428 1042 475 strato
1085 421 1369 476 exteriore
1412 418 1500 475 vel
1543 401 2092 495 subepidermatico
2137 423 2362 485 frondis

268 536 522 591 semper,
555 526 856 592 quantum
879 518 1038 587 novi,
1080 517 1446 588 formantur,
1476 518 1566 575 vel
1598 518 1703 575 ubi
1741 519 1921 578 nudae
1955 531 2127 590 sunt,
2158 523 2233 579 ab
2259 525 2362 582 illo

264 614 670 691 egrediuntur.
704 615 960 673 Fructus
990 614 1317 691 capsularis
1344 625 1551 672 contra
1576 615 1919 694 <saepissime
1947 619 2174 699 saltim)
2195 624 2362 680 strati

264 714 559 770 interioris
601 713 973 789 productum
1026 714 1179 771 mihi
1213 716 1495 790 apparuit
1519 739 1536 787 3
1577 716 1694 772 hoc
1725 726 1837 788 est,
1864 719 2269 795 pericarpium
2293 741 2363 778 ex

264 821 444 867 strato
468 812 696 869 frondis
719 815 1024 884 exteriore,
1055 823 1115 870 et
1140 831 1330 888 sporae
1352 833 1386 869 a
1411 813 1640 871 cellulis
1662 816 1828 873 strati
1850 816 2143 875 interioris
2161 819 2364 877 oriun-

263 919 384 967 tur.
434 910 730 968 Positione
778 930 1024 988 quoque
1069 912 1253 988 magis
1302 912 1551 969 centrali
1588 932 1738 990 saepe
1767 914 2033 992 gaudent
2069 919 2360 993 capsulae,

262 1010 687 1087 sphaerosporis
735 1012 1108 1087 peripherica
1148 1013 1335 1089 magis
1376 1012 1872 1072 inhabitantibus.
1916 1013 2071 1071 Hinc
2114 1036 2360 1094 quoque

259 1110 614 1167 evolutionis
660 1110 933 1168 ordinem
983 1111 1159 1187 plane
1201 1113 1576 1169 contrarium
1627 1115 1799 1189 sequi
1849 1113 2132 1171 videntur
2172 1136 2365 1192 sporae

262 1210 582 1285 utriusque
625 1208 1103 1267 fructificationis
1132 1232 1144 1267 :
1170 1221 1241 1267 ut
1267 1212 1327 1268 in
1354 1211 1727 1288 peripherico
1757 1223 1937 1270 strato
1969 1213 2238 1274 formatae
2262 1258 2277 1282 ‚
2309 1227 2366 1274 ct

260 1327 327 1363 ex
368 1309 891 1365 transformatione
934 1329 1298 1385 organorum
1339 1312 1906 1387 appendicularium
1949 1324 2126 1386 ortae,
2175 1315 2364 1392 legem

259 1405 351 1462 his
394 1426 784 1463 communem
832 1418 1177 1482 sequuntur
1221 1409 1677 1485 sphaerosporae‚
1724 1411 1780 1468 h.
1824 1433 1872 1468 e.
1918 1414 2128 1470 ordine
2163 1435 2366 1473 versus

258 1506 492 1580 apicem
527 1503 928 1563 adscendente
958 1516 1374 1563 maturescunt
1396 1506 1508 1583 (ex.
1548 1527 1634 1583 gr.
1666 1508 2119 1588 Polysiphonia,
2144 1516 2361 1585 Basia,

259 1602 649 1673 Plocamiam,
670 1602 823 1679 eto).
857 1602 1057 1679 Sporae
1089 1608 1479 1683 capsularum
1510 1619 1742 1680 contra,
1771 1611 1831 1667 in
1864 1611 2142 1670 interiore
2183 1626 2366 1673 strato

258 1716 409 1765 natae
448 1716 507 1763 et
548 1707 860 1783 morphosi
911 1707 1179 1781 partium
1209 1707 1567 1764 centralium
1606 1719 1849 1780 creatae,
1888 1711 2077 1787 legem
2123 1712 2214 1769 his
2244 1714 2366 1769 im-

257 1893 533 1934 recentissimo
555 1892 768 1934 Decaisnei
802 1894 933 1934 denuo
968 1901 1242 1947 resurgentem
1274 1893 1511 1936 invenimus.
1532 1895 1833 1951 Sphaerosporas
1860 1905 1903 1937 ut
1930 1910 2079 1952 organa
2107 1900 2295 1940 normalia
2326 1908 2365 1940 et

259 1968 493 2025 principalia
524 1970 776 2018 considerat3
819 1969 995 2010 fructum
1027 1970 1280 2025 capsularem
1313 1979 1355 2010 ut
1387 1969 1494 2012 illius
1523 1969 1725 2023 quandam
1761 1969 2098 2011 modificationem
2127 1973 2367 2014 anormalem

255 2045 372 2104 (pag.
401 2047 504 2099 409)
526 2047 779 2101 sequentibus
802 2054 845 2087 ut
876 2046 1031 2088 videtur
1063 2047 1304 2101 argumentis
1332 2048 1504 2103 probare
1528 2057 1694 2089 conatus
1715 2058 1790 2090 est.
1817 2050 1861 2088 ⁴⁰
1902 2051 2068 2089 Fructus
2089 2049 2300 2103 capsularis
2322 2049 2366 2090 in

257 2123 394 2167 multis
417 2124 626 2179 generibus
646 2137 725 2164 non
749 2123 861 2164 adest
879 2156 889 2174 ‚
907 2123 1004 2163 dum
1027 2123 1315 2179 Sphaerosporae
1328 2124 1411 2165 fere
1430 2126 1615 2166 omnibus
1634 2139 1860 2167 communes
1874 2125 1982 2174 sint3
2001 2125 2189 2179 quodque
2207 2126 2257 2167 ad
2272 2139 2365 2180 pro·

258 2200 436 2243 bandum
468 2216 653 2256 generum
679 2201 787 2242 dedit
818 2201 1154 2256 computationem
1172 2232 1184 2254 ‚
1223 2216 1301 2256 qua
1334 2211 1494 2258 pateret
1521 2203 1574 2244 ⁴0
1602 2215 1753 2257 genera
1776 2201 1975 2256 Capsulis,
2002 2200 2054 2241 ⁴9
2071 2201 2366 2256 Sphaerosporis

258 2287 413 2321 tantum
429 2294 514 2320 esse
531 2287 706 2330 ornatas,
728 2286 767 2319 et
787 2279 835 2318 24
862 2287 1031 2333 utroque
1047 2279 1356 2321 fructificationis
1375 2291 1517 2334 genere
1534 2278 1715 2331 gaudere.
1737 2280 1948 2317 Auctorem
1964 2275 2004 2314 in
2022 2273 2096 2315 hac
2111 2284 2364 2329 argument&

258 2359 365 2398 tione
376 2370 560 2412 sequens,
581 2357 696 2409 longe
720 2355 838 2396 aliam
856 2355 915 2396 rei
941 2357 1134 2397 rationem
1157 2357 1334 2409 inveni03
1354 2357 1527 2398 fructum
1542 2355 1786 2409 capsularem
1808 2353 2046 2408 paucissimis
2067 2353 2274 2406 generibus
2294 2367 2365 2394 ex-

254 2434 404 2487 ceptis,
443 2432 525 2472 fere
554 2433 596 2473 in
625 2431 806 2472 omnibus
825 2433 1025 2485 cognitum
1043 2464 1053 2481 ,
1082 2440 1122 2473 et
1149 2431 1443 2487 sphaerosporas
1470 2434 1510 2473 in
1537 2429 1674 2472 multis
1706 2430 1861 2484 ignotas
1888 2442 1975 2470 esse
1993 2430 2061 2469 sed
2088 2436 2303 2482 utrumque
2325 2429 2364 2469 in

255 2510 372 2563 longe
387 2510 567 2564 plurimis
584 2509 702 2550 hodie
720 2511 936 2550 innotuisse
957 2508 1092 2550 video.
1108 2509 1366 2549 Decaisneum
1391 2522 1488 2549 vero
1516 2508 1696 2550 fructum
1715 2508 1959 2564 capsutarem
1981 2508 2018 2547 in
2040 2506 2365 2559 Gasterocarpeis

256 2600 329 2640 pro
347 2586 634 2641 Sphaerosporis
653 2585 838 2627 habuisse
851 2617 862 2635 ‚
886 2585 987 2626 velut
1004 2586 1043 2626 in
1065 2587 1152 2627 aliis
1169 2600 1326 2640 quoque
1343 2586 1454 2640 vagis
1475 2595 1684 2629 auctorum
1704 2583 2100 2627 determinationibus
2131 2596 2217 2626 esse
2239 2582 2280 2622 in
2300 2596 2365 2622 er-

256 2678 385 2705 rorem
413 2664 623 2705 inductum
652 2663 901 2703 crediderim.
916 2666 1145 2717 Utcumque
1160 2667 1227 2712 sit,
1245 2678 1294 2704 ne
1313 2664 1475 2706 minima
1491 2663 1653 2719 quidem
1670 2672 1731 2706 est
1746 2664 1865 2717 hujus
1880 2661 2099 2716 argumenti
2116 2662 2174 2701 vis
2193 2661 2233 2701 in
2247 2660 2362 2700 theo·

256 2741 355 2781 riam
378 2741 506 2781 datam
534 2740 823 2781 stabiliendam.
844 2743 892 2783 ΞΟ
928 2740 1148 2781 Contendit
1163 2740 1222 2796 (p.
1247 2740 1329 2781 4⁴5
1351 2751 1388 2781 et
1402 2755 1441 2791 p.
1465 2740 1564 2795 466)
1588 2741 1760 2780 fructum
1781 2735 2029 2792 capsularem
2046 2734 2181 2776 iisdem
2201 2735 2297 2775 locis
2316 2747 2362 2774 ac

257 2819 561 2873 Sphaerosporas
592 2818 776 2859 obvenire
807 2828 846 2859 et
871 2818 1011 2858 horum
1042 2830 1146 2872 saepe
1177 2818 1289 2858 indui
1319 2818 1500 2859 formam.
1524 2817 1651 2859 Doleo
1670 2814 1778 2870 quod
1805 2828 1884 2856 nec
1905 2813 1995 2854 huic
2013 2812 2221 2853 assertioni
2241 2811 2361 2851 fidem

258 2896 353 2936 dare
381 2896 593 2950 potuerim,
612 2895 733 2936 immo
753 2897 782 2935 si
802 2895 944 2935 seriem
964 2894 1235 2936 Floridearum
1266 2908 1557 2949 percurremus,
1579 2894 1814 2934 contrarium
1835 2893 1952 2946 plane
1979 2889 2019 2931 in
2042 2891 2161 2943 longe
2181 2887 2361 2943 pluribus

259 2973 446 3013 obvenire
472 2971 705 3012 videbimus.
734 2975 782 3010 In
802 2971 1018 3024 generibus
1038 2971 1195 3011 costalis
1215 2970 1389 3011 fructum
1414 2970 1658 3025 capsularem
1684 2968 1735 3008 ad
1759 2978 1904 3008 costam
1927 2967 2011 3007 fere
2040 2977 2194 3019 semper
2211 2963 2330 3002 situm
2348 2992 2359 3009 ,

257 3048 561 3106 Sphaerosporas
585 3057 719 3090 contra
762 3049 800 3088 in
831 3047 980 3088 lamina
1008 3044 1157 3088 frondis
1193 3047 1418 3089 nidulantes
1456 3047 1687 3088 invenimus.
1711 3050 1754 3085 In
1788 3046 1970 3085 ecostatis
2005 3041 2185 3097 pluribus
2222 3039 2359 3080 filifor-

257 3124 388 3165 mibus
412 3127 595 3180 capsulas
633 3125 682 3165 ad
716 3138 846 3165 ramos
876 3121 1116 3179 principales
1131 3154 1141 3172 ,
1172 3123 1476 3179 Sphaerosporas
1502 3132 1636 3165 contra
1667 3122 1707 3162 in
1729 3119 1891 3162 ramulis
1911 3117 2175 3160 exterioribus
2197 3116 2358 3168 (Caui-

259 3205 482 3251 thamnion,
499 3201 567 3242 W
563 3205 774 3259 rangelia,
795 3204 1018 3258 Spyridia,
1036 3203 1239 3251 Hypnoea,
1258 3203 1521 3252 Flet-amium,
1540 3198 1633 3254 ete.)
1648 3215 1658 3249 3
1676 3201 1717 3240 in
1738 3197 1946 3252 generibus
1969 3195 2102 3236 multis
2121 3193 2248 3249 planis
2262 3206 2356 3247 cap-

258 3280 360 3321 sulas
375 3277 429 3319 ad
448 3278 666 3332 marginem
681 3310 691 3327 ,
725 3278 1030 3333 Sphaerosporas
1061 3279 1100 3317 in
1124 3278 1255 3319 medio
1275 3276 1434 3320 laminae
1454 3278 1678 3319 nidulantes
1700 3276 1869 3317 observo
1897 3272 2196 3329 (Rhodomenia
2211 3302 2223 3320 ,
2244 3267 2355 3322 etc.).

252 3357 496 3397 »Generalem
521 3358 656 3409 itaque
676 3356 803 3408 legem
820 3368 906 3394 esse
921 3383 933 3404 ,
959 3356 1068 3395 nullo
1096 3355 1218 3396 modo
1238 3370 1434 3397 assumere
1452 3356 1594 3404 licea13
1619 3362 1659 3395 et
1678 3356 1910 3409 exceptione
1940 3353 1971 3392 si
2000 3357 2152 3392 tantum
2181 3346 2327 3399 singula
2343 3375 2353 3392 ,

257 3440 353 3486 ²0¹³,
371 3433 405 3473 Si
424 3433 521 3486 quid
537 3431 886 3480 Videoffiollssbitur
894 3430 1010 3483 hujus
1026 3434 1376 3485 argumentationis
1395 3434 1562 3475 vis.—Si
1578 3432 1748 3486 denique
1763 3444 1855 3472 vera
1872 3438 1981 3478 sunt,
1993 3440 2080 3482 quae
2096 3425 2146 3466 de
2158 3424 2357 3477 utriusque

258 3510 638 3564 organi-diversitate
656 3507 882 3557 attulimus,
915 3508 1098 3549 nimirum
1113 3520 1286 3566 utraque
1304 3512 1344 3553 in
1363 3512 1500 3554 eodem
1521 3509 1725 3552 individuo
1756 3521 1960 3564 nunquam
1983 3504 2198 3552 obvenire,
2220 3499 2355 3540 evolu-

262 3587 407 3628 tionem
431 3587 635 3642 utriusque
664 3600 745 3627 esse
770 3587 891 3640 plane
915 3586 1170 3639 contrariam,
1197 3601 1320 3629 unum
1346 3602 1433 3629 esse
1455 3587 1668 3638 interioris,
1699 3587 1872 3628 alterum
1900 3597 1994 3625 vero
2015 3577 2224 3622 exterioris
2248 3577 2356 3616 strati

260 3663 492 3716 productum
508 3693 520 3713 ‚
545 3664 678 3707 elucet
700 3676 779 3705 non
798 3670 946 3703 tantum
963 3661 1239 3714 fundamenta,
1255 3665 1401 3720 quibus
1421 3664 1610 3705 theoriam
1627 3662 1853 3704 fundaverit
1871 3672 1956 3703 esse
1974 3659 2084 3705 falsa,
2104 3654 2170 3695 sed
2195 3664 2350 3693 omnem

257 3752 419 3792 quoque
438 3741 653 3785 doctrinan
677 3741 727 3783 de
746 3736 953 3783 identitate
973 3741 1175 3795 utriusque
1199 3743 1337 3797 organi
1356 3741 1576 3785 necessario
1595 3755 1676 3783 esse
1699 3740 1807 3784 falsis
1829 3732 2035 3795 principiis
2057 3732 2271 3776 conditam.
