2508 4022
1114 233 1186 240 .-
1235 189 1309 255 35
1356 231 1428 239 -

203 349 300 407 90.
351 336 411 389 L.
440 328 731 401 Leveillei‚
772 350 902 388 ηον.
950 349 1038 407 sp.

273 449 408 498 Hab.
439 449 546 496 aliis
572 448 694 509 algis
714 449 972 515 parasitica
1005 445 1094 510 (Ρ),
1126 450 1173 496 in
1205 455 1416 510 utroque
1440 451 1591 503 mari3
1628 464 1685 496 ex
1710 451 1911 498 Corsica
1939 450 2072 498 misit
2098 448 2318 510 Leveille,

207 550 264 581 ex
288 537 528 596 Tei-gesto
553 534 810 581 Biasoletto
836 532 847 580 l

567 727 667 784 XI.
705 724 1160 784 DICTYOTEAE
1195 727 1365 786 Grev.
1400 727 1550 806 Alg.
1586 729 1760 784 Britt.
1784 748 1844 805 p.
1867 729 1962 800 48.

285 906 600 965 Familiam
619 927 652 962 a
676 906 928 963 Greville
949 909 1163 964 eximie
1184 907 1538 966 illustratam
1564 907 1861 965 hodierno
1883 918 2101 966 nostrae
2122 913 2325 989 cogni-

198 1007 377 1065 tionis
408 1017 568 1064 statu
599 1008 887 1063 intactam
911 1007 1376 1083 relinquendam
1403 1027 1527 1064 esse
1545 1007 1793 1079 credidi,
1820 1007 2059 1065 exclusa
2080 1019 2320 1067 tantum

200 1104 449 1169 Chorda
468 1152 482 1177 ‚
503 1126 641 1186 quae
662 1105 1053 1163 Laminarieis
1073 1106 1384 1162 referenda
1402 1116 1506 1162 est.
1527 1103 1818 1163 Decaisne
1833 1107 1894 1162 in
1913 1108 2324 1166 recentissimo

197 1227 309 1266 suo
339 1228 518 1284 opere
552 1205 887 1264 Cutleriam
927 1217 986 1263 et
1028 1203 1440 1284 Sporoclmum
1477 1204 1777 1264 rhizodem
1815 1206 1891 1262 ad
1932 1205 2327 1265 Chordarieas

194 1307 412 1365 relatos
437 1306 568 1363 vult
586 1351 600 1376 ,
625 1307 727 1364 sed
755 1306 972 1364 eodem
996 1305 1172 1382 plane
1184 1305 1321 1381 jure
1343 1305 1576 1382 reliqua
1598 1326 1814 1383 genera
1839 1303 2328 1385 (Asperococcm,

194 1404 335 1485 cet.)
367 1407 426 1463 in
460 1405 687 1482 quibus
715 1425 910 1483 sporae
944 1415 1004 1462 et
1027 1404 1336 1463 filamenta
1372 1402 1681 1463 fructifera
1709 1405 1908 1464 adsint
1930 1452 1944 1477 ‚
1984 1406 2098 1465 illis
2127 1407 2324 1466 adnu-

194 1505 485 1562 meranda
510 1515 724 1563 essent.

276 1604 533 1663 Fructus
564 1605 789 1682 duplex
822 1624 946 1662 esse
976 1605 1234 1663 videtur.
1278 1613 1326 1661 1⁰
1350 1607 1564 1684 Sporoe
1598 1606 1661 1661 in
1697 1605 1843 1663 soris
1881 1606 2060 1663 variae
2085 1617 2147 1664 at
2175 1605 2328 1663 defi-

198 1705 343 1762 nitae
366 1705 578 1762 formae
608 1705 873 1762 collectae
897 1705 1170 1763 obovatae
1189 1749 1203 1774 ‚
1234 1706 1294 1761 in
1319 1704 1650 1780 perisporio
1673 1703 1916 1781 hyalino
1945 1705 2245 1763 conformi
2270 1717 2331 1764 et

190 1803 324 1861 basi
350 1805 686 1881 augustiori
708 1805 884 1861 affixo
909 1805 1159 1880 singulae
1178 1804 1523 1861 nidulantes
1541 1848 1555 1874 ‚
1593 1803 1848 1879 simplici
1870 1805 2186 1882 morphosi
2205 1807 2333 1864 cel-

191 1901 460 1962 lularum
488 1904 884 1981 epidermidis
908 1905 1202 1962 formatae.
1236 1912 1290 1959 2⁰
1319 1901 1604 1982 Sporidia
1623 1901 1673 1981 (Ξ)
1707 1901 1795 1959 vel
1822 1902 2054 1981 sporoe?
2071 1905 2093 1983 )
2129 1916 2237 1963 aut
2266 1907 2330 1962 in

192 2001 422 2061 cellulis
452 2023 561 2079 per
582 2004 863 2061 frondem
887 2003 1104 2080 sparsis
1133 2002 1381 2080 singulis
1402 2003 1684 2060 immersa
1704 2000 2039 2082 (Dictyota‚
2061 2002 2331 2084 Halyse-

190 2104 304 2171 ris,
332 2101 828 2184 Dictyosiphon),
862 2113 971 2161 aut
1006 2104 1068 2160 in
1094 2101 1416 2160 filamentis
1442 2102 1794 2159 seminiferis
1822 2099 1930 2181 (P)
1963 2122 2172 2179 sporas
2198 2105 2334 2162 cin-

189 2203 475 2280 gentibus
514 2202 1024 2283 (Asperococcus,
1073 2202 1351 2262 Cutleria
1372 2247 1387 2274 ,
1425 2199 1796 2280 Stilophora)
1822 2247 1836 2274 ,
1868 2213 1978 2261 aut
2001 2202 2078 2263 ab
2117 2203 2329 2262 iisdem

191 2306 484 2380 separatis
505 2302 810 2384 (Padina)
834 2306 1084 2363 inclusa.

274 2401 492 2480 Sporas
520 2424 801 2463 sororum
824 2406 885 2461 in
910 2403 1285 2482 quibusdam
1303 2402 1626 2480 generibus
1648 2401 2070 2459 membranam
2095 2402 2332 2478 epider-

190 2503 370 2560 midis
396 2505 715 2580 perrumpi
738 2503 1074 2560 observavit
1100 2502 1356 2560 Greville
1377 2512 1435 2559 et
1460 2501 1781 2559 affirmavit
1817 2500 2129 2572 Decaisne,
2155 2501 2327 2577 quod

190 2603 573 2660 strictissimo
600 2602 732 2679 jure
760 2603 1021 2672 dictum,
1054 2603 1208 2660 mihi
1234 2603 1436 2659 videre
1480 2621 1603 2659 non
1642 2601 1911 2679 contigit.
1951 2601 2330 2676 Sporaesim-

189 2702 333 2778 plici
372 2703 689 2780 morphosi
727 2702 1093 2760 cellularum
1144 2701 1534 2778 epidermidis
1586 2701 1666 2758 ita
1717 2702 1966 2771 formari
2005 2700 2158 2758 mihi
2191 2702 2328 2759 visae

189 2811 360 2875 sunt,
392 2813 460 2859 ut
495 2802 711 2859 cellula
731 2802 1068 2879 grandescit
1096 2812 1261 2859 extra
1282 2801 1534 2878 planum
1570 2801 1800 2858 frondis
1836 2802 2170 2878 prominet,
2196 2821 2330 2878 gra-

189 2902 404 2958 nulosa
429 2903 676 2958 materia
696 2902 932 2959 interna
951 2902 1011 2957 in
1037 2921 1279 2979 sporam
1303 2901 1432 2959 abit
1453 2901 1753 2978 singulam
1774 2944 1790 2973 ‚
1821 2919 1958 2977 quae
1976 2901 2328 2959 maturitate

191 3000 549 3057 membrana
574 3001 809 3059 cellulae
825 3022 931 3059 seu
953 3002 1285 3078 perisporio
1311 3000 1551 3078 tegitur.
1571 2997 1812 3056 Cellulae
1833 3001 1894 3056 in
1914 3019 2119 3076 sporas
2144 3010 2329 3057 trans-

190 3098 464 3156 formatae
502 3121 570 3157 ex
612 3101 891 3158 interiore
923 3111 1109 3157 strato
1138 3099 1490 3156 immediate
1518 3109 1777 3167 exeunt3
1814 3098 1917 3156 ubi
1948 3109 2204 3156 stratum
2234 3101 2328 3155 in-

191 3198 378 3254 terius
412 3199 735 3276 multiplici
761 3200 1123 3256 cellularum
1157 3200 1307 3254 serie
1334 3197 1730 3255 constituitur
1776 3195 2177 3276 (Stilophora)
2221 3217 2325 3272 pe-

192 3296 441 3371 risporae
475 3298 535 3353 in
576 3297 961 3356 filamentum
984 3297 1236 3373 longum
1270 3296 1397 3352 basi
1423 3305 1789 3366 attenuatae,
1823 3297 1991 3372 quod
2015 3316 2084 3353 ex
2108 3296 2325 3352 intimo

194 3404 378 3451 strato
427 3397 626 3472 egredi
663 3398 998 3467 videretur,
1041 3395 1191 3450 mihi
1234 3404 1673 3472 apparuerunt.
1712 3394 1778 3451 In
1822 3394 2072 3452 Padina
2109 3391 2323 3450 eodem

194 3494 379 3552 modo
410 3495 936 3554 transformatione
961 3496 1324 3555 cellularum
1352 3494 1743 3570 epidermidis
1775 3494 2061 3550 oriuntur
2083 3511 2277 3569 sporae
2302 3536 2318 3563 ,

196 3594 294 3650 sed
323 3594 423 3651 hic
453 3594 807 3654 membrana
831 3597 1077 3673 insuper
1098 3595 1406 3664 exteriore,
1437 3612 1577 3668 quae
1598 3591 1902 3648 crescendi
1927 3592 2117 3666 modo
2134 3591 2323 3668 ipsius

196 3691 418 3767 plantae
437 3693 699 3770 pendere
714 3695 970 3767 videtur,
987 3696 1155 3754 initio
1176 3702 1488 3770 teguntur.
1503 3691 1730 3748 Eodem
1749 3689 1933 3747 modo
1948 3690 2322 3767 explicandae
