2508 4022
1103 238 1458 296 -124-

218 367 460 416 Adriatico
488 364 545 411 ad
579 366 871 426 Tergestum
910 360 1346 426 legit'Be'asoletto;
1392 365 1452 412 ad
1490 364 1756 414 Massiliam
1789 378 1961 427 mense
2005 363 2311 430 Septembris

215 452 328 514 Ιρεο.

283 556 512 618 Caespites
538 555 616 600 vix
638 554 854 600 unciales
875 587 888 611 ,
920 554 1071 601 denso
1102 554 1345 601 velamine
1372 554 1557 618 lapides
1581 555 1900 616 obtegentes,
1930 554 2166 601 refluente
2192 558 2315 602 mari

217 639 448 686 denudati
485 647 530 685 et
556 641 694 701 quasi
726 642 774 685 in
822 641 991 686 cristas
1027 640 1373 700 rigidiusculas
1409 644 1658 703 congesti,
1690 640 1896 687 obscure
1932 644 2197 704 purpurei,
2227 657 2314 689 ex·

216 726 381 771 siccati
411 724 505 769 fere
534 725 879 785 nigrescentes.
914 723 1016 770 Fila
1050 725 1284 787 primaria
1320 728 1566 790 repentia,
1605 728 1751 773 dense
1786 728 2040 785 intricata,
2088 742 2209 788 vage
2234 728 2314 773 di—

216 812 447 860 chotoma
471 812 713 859 radiculos
732 812 985 873 elongatos
1008 811 1345 859 inarticulatos
1364 810 1590 873 hyalinos
1612 812 1845 858 deorsum
1865 819 1912 856 et
1933 811 2012 858 fila
2033 811 2319 858 secundaria

217 911 410 944 sursum
438 898 729 943 emittentia.
765 897 864 943 Fila
899 896 1188 944 secundaria
1214 904 1373 945 erecta
1410 898 1796 962 simpliciuseula
1824 897 1899 944 vel
1923 897 2128 944 ramulis
2154 900 2323 962 paucis

223 984 599 1032 subsecundatis
624 983 799 1043 obsita,
827 985 963 1048 apice
987 984 1215 1046 elongato
1236 983 1385 1030 nuda.
1410 983 1553 1031 Rami
1585 984 1994 1031 secundariorum
2018 984 2197 1045 angulo
2225 985 2323 1030 fere

216 1078 350 1117 recto
379 1069 702 1132 egredientes,
730 1085 849 1117 mox
867 1071 1081 1120 incurvi.
1107 1070 1310 1117 Articuli
1335 1072 1384 1117 in
1413 1070 1494 1118 filo
1521 1073 1755 1134 primario
1777 1078 1823 1117 et
1841 1072 1890 1116 in
1911 1069 2210 1117 secundariis
2229 1071 2325 1116 fere

221 1171 391 1204 omnes
414 1157 655 1203 diametro
681 1157 829 1220 paulo
872 1157 1149 1219 longiores,
1182 1155 1412 1221 siphones
1446 1159 1816 1204 numerosiores
1842 1171 1994 1219 quam
2018 1157 2070 1202 in
2098 1155 2326 1203 affinibus

219 1251 567 1290 monstrantes.

220 1396 356 1453 950.
394 1401 466 1454 P.
503 1400 794 1455 intricata
815 1395 947 1454 nob.
980 1418 993 1452 .·
1019 1398 1255 1471 caespite
1296 1398 1568 1453 intricato
1593 1396 1847 1453 obscure
1867 1416 2193 1472 purpureO,
2217 1394 2321 1452 filo

299 1500 587 1573 primario
618 1509 860 1575 repente
890 1497 1192 1553 radicante
1220 1540 1234 1566 ,
1282 1495 1647 1552 secundariis
1689 1495 2065 1551 verticalibus
2111 1497 2324 1569 sparsis

303 1599 583 1674 elongatis
620 1618 760 1674 vage
782 1597 1030 1654 ramosis
1049 1641 1062 1666 ,
1085 1597 1263 1653 ramis
1293 1593 1751 1651 subsecundatis
1765 1637 1782 1665 ,
1808 1593 2074 1649 articulis
2105 1592 2329 1649 infimis

303 1699 730 1773 supremisque
757 1695 999 1753 filorum
1021 1695 1405 1764 brevissimiS‚
1432 1692 1641 1750 mediis
1667 1693 1964 1749 diametro
1985 1691 2333 1769 sublongio-

304 1797 470 1853 ribus
515 1796 939 1853 sub5-venosis.

304 1947 377 1998 P.
408 1938 749 2018 lepadicola
779 1960 913 1996 var.
949 1940 1005 2009 β.
1039 1940 1330 1994 intricata
1375 1935 1498 2014 Ag.
1534 1956 1618 2012 sp.
1658 1956 1715 2012 p.
1758 1952 1887 2011 107.

295 2086 425 2134 Hah.
454 2087 578 2131 inter
600 2085 717 2132 alias
741 2084 903 2147 Algas,
925 2086 976 2129 in
996 2083 1151 2129 limite
1173 2081 1322 2128 maris
1346 2078 1703 2141 tranquillioris
1725 2084 1962 2134 natantes,
1984 2078 2262 2141 parasitica3
2278 2080 2327 2122 in

230 2171 397 2220 salinis
418 2172 718 2233 Tergestinis
731 2170 1015 2225 Biasoletto,
1043 2169 1097 2216 ad
1124 2167 1420 2230 Chioggiam
1440 2164 1614 2224 Nardo,
1645 2164 1704 2211 ad
1728 2164 1891 2210 littora
1911 2164 2332 2228 Galloprovinciae

227 2258 568 2318 Perrevaud.

311 2413 535 2470 Habitu
579 2423 636 2468 et
668 2412 968 2487 plerisque
999 2407 1449 2466 characteribus
1474 2426 1619 2463 cum
1644 2410 1714 2462 P.
1755 2403 2010 2463 obscura
2043 2406 2335 2475 convenit,

231 2525 290 2571 at
353 2532 568 2588 caespes
628 2512 814 2567 laxior
872 2513 1027 2566 inter
1076 2508 1215 2564 alias
1272 2508 1426 2583 algas
1475 2507 1788 2563 intricatus
1815 2550 1829 2575 ‚
1892 2506 2043 2560 rami
2091 2503 2337 2559 filorum

232 2613 729 2672 secundariorum
771 2611 1214 2667 numerosiores
1238 2652 1253 2680 ,
1285 2608 1469 2683 magis
1506 2606 1802 2682 elongati,
1845 2613 1902 2659 et
1943 2602 2340 2659 articulorum

233 2715 533 2771 diversitas
567 2713 912 2768 distinctam
951 2711 1211 2786 speciem
1252 2707 1526 2766 suadent.
1577 2705 1646 2761 In
1684 2702 2118 2779 speciminibus
2148 2700 2343 2778 majo-

238 2815 408 2872 ribus
438 2813 675 2868 articuli
729 2810 909 2867 medii
947 2829 1140 2885 usque
1166 2808 1358 2885 duplo
1390 2807 1683 2863 diametro
1719 2803 2010 2879 longiores
2047 2811 2218 2872 sunt3
2249 2802 2342 2857 in-

240 2913 370 2970 fimi
417 2923 474 2969 et
519 2913 783 2987 supremi
832 2929 1067 2985 semper
1109 2909 1405 2964 diametro
1454 2906 1754 2961 breviores
1770 2948 1787 2975 ‚
1817 2922 1992 2960 venas
2049 2920 2235 2977 quam
2283 2901 2342 2955 in

239 3018 308 3071 P.
334 3010 587 3070 obscura
626 3012 936 3086 pauciores
965 3016 1325 3065 monstrant.
1349 3009 1421 3061 P.
1447 3001 1789 3060 divaricata
1811 3001 1937 3079 Ag.
1980 3019 2065 3078 sp.
2103 3020 2162 3077 p.
2194 2999 2298 3054 108
2326 3043 2339 3069 ,

242 3113 501 3168 marium
546 3110 879 3166 borealium
922 3107 1146 3175 incola,
1175 3104 1377 3162 differt
1412 3124 1446 3160 a
1481 3102 1547 3158 P.
1588 3103 1877 3158 intricata
1920 3100 2099 3155 ramis
2133 3099 2345 3154 eximie

244 3212 501 3269 curvatis
545 3207 1346 3284 secundato-decompositiS‚
1388 3202 1654 3260 articulis
1697 3199 1945 3256 filorum
1981 3197 2191 3254 mediis
2220 3197 2348 3253 dia-

246 3321 438 3369 metro
468 3309 653 3386 4-plo,
685 3327 995 3364 ramorum
1021 3307 1233 3381 duplo,
1252 3302 1644 3380 longioribus,
1672 3298 1894 3356 infimis
1917 3299 2068 3355 rami
2090 3295 2347 3376 cujusvis

250 3431 434 3486 quam
478 3407 870 3485 sequentibus
915 3426 1132 3482 parum
1174 3402 1569 3463 brevioribus.

254 3578 387 3634 254.
416 3583 485 3635 P.
520 3576 839 3655 pulvinata
861 3574 980 3654 Ag.
1004 3593 1087 3652 sp.
1111 3596 1170 3653 p.
1201 3593 1330 3650 109.
1354 3572 1588 3648 caespite
1612 3570 1887 3646 elongato
1911 3584 2349 3644 purpurascen-

336 3690 426 3749 te‚
475 3676 575 3734 filo
617 3676 900 3752 primario
943 3675 1342 3732 decumbente
1384 3673 1720 3740 indicante,
1767 3666 2132 3727 secundariis
2183 3683 2350 3720 erec-

340 3777 612 3836 tiusculis
633 3775 1067 3854 subcaespitosis
1111 3774 1394 3851 elongatis
1432 3791 1571 3850 vage
1605 3769 1885 3840 ramosis,
1917 3766 2096 3827 ramis
2145 3779 2352 3821 secun-
