2508 4022
1048 221 1126 229 .-
1170 187 1236 241 31
1290 219 1369 229 ..-

876 373 1106 449 Species
1128 372 1549 453 inquz‘rendoe:

158 560 255 615 82.
308 556 401 615 Cl.
428 555 884 639 Hedwigioides
910 565 1074 641 Bory
1102 567 1322 620 ffIoree.
1348 581 1408 619 n.
1452 562 1624 640 1494.

155 678 253 735 83.
308 676 401 733 Cl.
424 674 648 736 dubius
669 684 848 756 Bory.
880 676 922 734 l.
951 698 1002 735 G.
1033 701 1092 737 n.
1137 681 1303 759 1495.

322 909 480 967 VIII.
527 907 1060 972 CHORDARIEAE.
1111 915 1236 994 Ag.
1268 912 1378 994 ref.
1417 920 1604 975 Harv.
1644 919 1708 973 in
1738 916 1842 975 Fl.
1889 917 2135 978 Hibera.

239 1101 493 1158 Fructus
513 1097 1021 1158 Chordariearum
1044 1100 1319 1175 duplices
1339 1106 1649 1180 suspicor:
1673 1114 1724 1162 1⁰
1741 1109 1953 1185 Sporae
1974 1109 2128 1166 inter
2154 1109 2278 1169 fila-

156 1210 358 1256 menta
382 1199 689 1255 fructifera
714 1216 821 1272 per
842 1209 1032 1256 totam
1058 1201 1335 1260 frondem
1359 1223 1599 1281 sparsae,
1622 1207 1846 1264 sessiles
1869 1209 2133 1285 singulae,
2151 1231 2278 1286 per-

156 1300 380 1376 isporio
408 1299 651 1376 hyalino
680 1298 910 1369 cinctae,
934 1300 1254 1375 granulosa
1286 1305 1535 1360 materia
1551 1305 1923 1383 homogenea
1944 1319 2002 1365 et
2022 1310 2274 1368 indivisa

154 1410 511 1458 constantes.
542 1408 596 1456 2⁰
624 1399 925 1479 Sporiclia,
958 1402 1019 1458 ni
1063 1422 1426 1479 magnopere
1462 1404 1657 1475 fallor,
1699 1426 1731 1461 a
1765 1406 1853 1463 M.
1883 1409 2278 1467 vermiculari

153 1502 365 1558 emissa
392 1499 621 1579 (plures
650 1505 812 1558 enim
846 1501 990 1577 algae
1017 1503 1078 1557 in
1107 1522 1244 1558 vaso
1272 1503 1572 1583 aderant),
1606 1517 1780 1563 motu
1816 1509 2086 1583 praedita,
2136 1531 2274 1586 gra-

154 1600 312 1658 nulis
342 1603 404 1657 in
441 1602 654 1658 fronde
693 1602 941 1658 inclusis
989 1621 1207 1677 parum
1252 1602 1479 1677 majora
1508 1613 1566 1659 et
1603 1605 1801 1662 colore
1831 1611 2272 1680 convenientia,

154 1701 421 1777 denique
438 1701 1133 1777 germinantia‚radicem
1160 1703 1610 1759 teretiusculam
1627 1704 1961 1782 elongatam
1985 1708 2269 1766 deorsum

153 1801 428 1875 primum
455 1801 810 1869 emittentia,
842 1801 969 1875 ipsa
996 1800 1135 1855 dein
1173 1801 1230 1855 in
1270 1803 1581 1858 ramulum
1612 1806 2100 1862 moniliformiter
2128 1810 2274 1864 arti-

152 1900 426 1958 culatum
474 1901 693 1956 sensim
726 1899 1011 1956 abeuntia
1057 1900 1363 1957 observavi
1412 1898 1648 1978 (utrum
1694 1914 1899 1959 autem
1946 1907 2212 1979 sporidia
2242 1927 2273 1961 e

153 1999 411 2077 capsulis
451 2000 532 2056 sic
587 2000 761 2057 dictis
798 2009 1014 2077 erupta
1051 2010 1245 2056 essent
1283 2020 1359 2055 an
1398 1999 1720 2059 filamentis
1751 2003 2116 2078 stipantibus
2153 2007 2275 2062 ori-

154 2100 352 2175 ginem
370 2099 681 2169 deberent,
702 2099 902 2155 videre
928 2099 1078 2155 mihi
1094 2120 1216 2156 non
1235 2101 1502 2177 contigit.
1518 2099 1779 2178 Insuper
1799 2104 1859 2158 in
1874 2100 2275 2162 Liebmannia

154 2199 487 2276 propagula
534 2220 565 2255 e
604 2200 1040 2257 transformatis
1067 2197 1389 2257 filamentis
1414 2200 1749 2277 fructigeris
1783 2199 1869 2279 (et
1892 2222 1965 2259 ex
1990 2203 2267 2279 sporidiis

157 2297 681 2378 coalescentibUSP)
696 2310 848 2370 orta,
867 2300 1200 2372 lancoidea,
1219 2299 1908 2372 articulato-constricta,
1933 2323 2029 2359 me
2055 2303 2274 2378 judice,

158 2403 507 2479 propagulis
538 2400 977 2480 Splzacellariae
1001 2401 1119 2478 jam
1148 2420 1330 2477 supra
1359 2401 1692 2477 descriptis,
1719 2401 2055 2479 iisdemque
2074 2403 2276 2464 Cutle-

158 2508 273 2562 rioe
300 2514 359 2561 et
379 2503 840 2582 Dictyotearum
866 2502 1132 2578 analoga,
1171 2511 1355 2577 atque
1393 2500 1474 2557 ita
1507 2501 1773 2577 denique
1812 2519 2078 2578 separata
2120 2515 2178 2561 et
2214 2505 2274 2559 in

161 2606 427 2682 plantam
455 2623 674 2660 novam
702 2601 956 2659 evoluta.
1822 2666 1832 2668 v

243 2704 458 2776 Quoad
486 2714 858 2761 structuram
879 2706 1036 2780 Lcum
1069 2702 1516 2779 Cryptonemeis
1539 2700 1724 2777 magis
1750 2719 1936 2776 quam
1974 2702 2103 2758 aliis
2135 2721 2278 2759 con-

163 2805 414 2861 veniunt
445 2801 860 2869 Chordarieae3
894 2804 1082 2859 immo
1108 2811 1270 2858 statu
1297 2799 1552 2857 scientiae
1583 2800 1875 2857 hodierno
1896 2820 2041 2857 cum
2077 2799 2278 2859 Gloio-

162 2902 391 2962 cladeis
438 2903 556 2961 fere
610 2903 822 2959 eodem
864 2901 997 2979 jure
1033 2899 1479 2977 conjungentur
1513 2920 1582 2957 ac
1617 2899 1907 2956 familiam
1960 2903 2276 2976 propriam

162 3003 454 3062 efficiunt.
485 3005 648 3061 Licet
670 3003 832 3059 enim
855 3003 917 3059 in
941 3001 1149 3059 fructu
1171 3000 1573 3058 differentiam
1602 3000 1805 3056 adesse
1825 3000 1993 3057 facilc
2024 3011 2280 3070 constat,

161 3114 361 3161 tamen
394 3103 713 3180 cujusnam
753 3113 983 3159 naturae
1017 3101 1144 3157 haec
1183 3100 1517 3158 differentia
1548 3102 1644 3169 sit,
1683 3121 1898 3176 parum
1940 3101 2154 3177 liquet.
2193 3100 2280 3156 Ita

164 3203 531 3261 distinctioni
560 3204 880 3279 utriusque
915 3200 1187 3270 sufficiet,
1217 3201 1383 3275 quod
1415 3202 1477 3257 in
1528 3198 1943 3260 Gloiocladea’s
1982 3221 2173 3276 sporae
2209 3199 2282 3276 (ἲ)

160 3322 496 3360 numerosae
524 3311 895 3379 congregatae
919 3300 1139 3369 adsint,
1180 3299 1331 3356 dum
1368 3300 1427 3358 in
1451 3298 1832 3358 Chordarieis
1856 3321 2043 3377 sporae
2068 3297 2144 3378 (P)
2170 3299 2284 3355 sin-

159 3403 311 3480 gulae
337 3412 394 3458 et
420 3403 713 3477 simplices
736 3410 1062 3478 appareant
1084 3424 1098 3467 3
1125 3398 1226 3455 sed
1254 3421 1363 3459 nec
1385 3401 1817 3478 sphaerosporae
1844 3402 2048 3458 adhuc
2072 3400 2279 3454 locum

162 3501 688 3562 Gloiocladearum
711 3504 864 3560 inter
881 3502 1181 3561 Florideas
1205 3499 1409 3557 adhuc
1438 3501 2000 3569 corroboraverunt,
2034 3516 2143 3553 nec
2169 3515 2285 3552 cu—

166 3603 404 3679 jusnam
430 3613 660 3660 naturae
696 3603 811 3660 sint
839 3603 1072 3661 fructus
1101 3598 1610 3658 Chordariearum
1639 3600 1924 3655 innotuit.
1961 3595 2006 3652 A
2032 3597 2285 3676 Dictyo-

169 3706 275 3759 teis
300 3703 522 3760 distant
560 3700 894 3760 Chorarieae
937 3701 1129 3776 sporis
1159 3719 1265 3775 per
1292 3709 1480 3757 totam
1508 3699 1783 3758 frondem
1810 3697 2025 3772 sparsis
2050 3693 2198 3772 (nec
2222 3696 2283 3752 in
