2508 4022
1104 195 1418 251 ...73-

220 326 478 387 rioribus
533 321 911 396 ellipsoideis,
967 318 1258 377 fertilibus
1310 316 1734 386 conformibus,
1774 316 2058 393 geniculis
2097 318 2307 373 eximie

217 425 552 488 contractis,
583 420 873 478 involucri
904 418 1221 476 filamentis
1249 416 1639 492 simplicibus.

298 540 403 599 Gr.
434 539 687 617 opuntia
719 540 773 595 J.
808 535 931 615 Ag.
962 533 1145 613 symb.
1168 555 1226 614 p.
1266 534 1360 596 80.
1400 530 1507 591 Gr.
1538 530 1850 592 imbricata
1876 530 2165 603 Schousb,·
2201 536 2305 591 Gr.

219 638 508 703 Giraudii
526 637 645 697 Sol.

287 765 415 812 Hah.
449 766 497 811 in
524 763 728 812 sinubus
751 764 907 824 magis
933 761 1229 808 absconditis
1266 767 1313 807 et
1347 761 1620 823 tranquillis
1646 761 1772 806 inter
1797 759 1937 821 Algas
1962 769 2008 805 et
2035 759 2308 807 Corallinas

214 864 411 916 repens;
442 850 500 897 ad
526 865 636 897 saxa
664 849 811 895 molae
838 856 969 894 extra
995 855 1196 911 portum
1221 846 1488 905 Liburniae,
1515 854 1559 892 et
1589 845 1813 892 Massiliae
1839 845 1899 891 ad
1918 846 2021 914 Cap
2051 846 2308 893 Croissette

215 952 331 985 cum
357 936 556 983 Solierc‘o
581 935 705 997 legi3
727 950 785 980 ex
811 933 1054 980 Adriatico
1076 932 1348 980 Biasoletto.

297 1038 452 1096 Huic
498 1040 710 1115 speciei
756 1037 1026 1114 proxime
1068 1036 1343 1093 convenit
1374 1034 1473 1091 Gr,
1518 1035 1824 1110 caespitosa
1862 1031 2061 1103 Harv„
2099 1055 2131 1089 e
2171 1052 2303 1108 cap.

213 1138 276 1194 B.
304 1137 440 1214 Spei
474 1137 756 1208 oriunda,
784 1145 843 1192 et
870 1154 1073 1191 vereor
1097 1154 1171 1191 ne
1195 1145 1284 1192 tot
1310 1144 1485 1192 antea
1512 1134 1657 1191 huic
1694 1133 1909 1209 speciei
1933 1132 2086 1190 datis
2111 1135 2308 1189 nomi-

213 1238 393 1295 nibus
419 1236 835 1313 Harveyanum
861 1253 1111 1311 quoque
1136 1233 1519 1311 adjungetur.

294 1335 488 1412 Hujus
521 1335 796 1392 sectionis
837 1335 1082 1408 insuper
1131 1336 1352 1408 species
1377 1345 1519 1392 sunt
1560 1333 1746 1413 GriJJ.
1795 1333 2097 1392 corallina
2120 1342 2178 1390 et
2228 1336 2304 1392 G.

221 1431 480 1492 barbata
510 1435 688 1491 maris
723 1433 998 1490 Atlantici
1026 1430 1263 1499 incolae3
1292 1434 1352 1488 in
1401 1436 1506 1491 Gr.
1536 1431 1859 1503 corallina,
1887 1432 1961 1488 ad
1992 1453 2120 1489 oras
2148 1433 2312 1489 sinus

213 1533 440 1591 Codani
469 1533 842 1602 obveniente,
871 1530 990 1588 vidi
1017 1529 1119 1586 fila
1150 1531 1537 1588 involucralia
1579 1531 1927 1589 verticillata
1958 1532 2126 1589 initio
2164 1533 2309 1587 sim-

211 1633 388 1707 plicia
414 1632 681 1706 denique
708 1632 897 1708 sporis
924 1630 1178 1706 delapsis
1199 1630 1260 1686 in
1286 1628 1593 1687 filamenta
1618 1630 1792 1705 longa
1817 1630 2014 1687 multo
2038 1631 2309 1687 tenuiora

212 1730 589 1788 umbellatim
632 1750 867 1788 ramosa
907 1748 1261 1800 excrescere,
1307 1729 1469 1787 unde
1511 1749 1816 1787 assumere
1855 1729 1991 1787 licet
2026 1731 2132 1786 ista
2181 1727 2311 1785 fila-

210 1841 435 1902 menta,
488 1850 623 1906 quae
671 1829 772 1887 Gr.
817 1829 1084 1886 barbatae
1119 1829 1527 1885 characterem
1572 1840 1631 1885 ct
1669 1849 1892 1885 nomen
1935 1829 2314 1898 tribuerunt,

209 1928 355 1986 huic
382 1931 598 2005 speciei
625 1949 747 1986 non
779 1948 902 1986 esse
938 1928 1286 2004 peculiaria,
1315 1928 1416 1985 sed
1458 1929 1519 1984 in
1552 1927 1678 1985 aliis
1718 1927 2029 2005 speciebus
2062 1945 2311 2002 quoque

210 2027 491 2085 obvenire
522 2047 709 2104 posse.

1861 2148 1884 2174 Ο

452 2213 654 2272 Sncno
685 2215 760 2270 ΙΙ.
786 2248 859 2257 -
886 2213 1133 2273 Fronde
1169 2214 1434 2273 ramellis
1458 2218 1698 2287 vestita,
1737 2213 2066 2273 ramulosa.

298 2384 424 2461 157.
467 2386 571 2443 Gr.
599 2381 1000 2464 equisetzfolia
1025 2386 1150 2463 Ag.
1184 2403 1273 2463 sp.
1301 2384 1449 2465 Alg.
1477 2406 1537 2464 p.
1581 2383 1706 2443 133.

277 2528 406 2577 Hab.
444 2531 493 2576 in
527 2529 731 2576 sinubus
768 2529 1045 2592 tranquillis
1088 2529 1290 2592 soleque
1324 2531 1557 2594 expositis
1590 2530 1649 2578 ad
1689 2529 1815 2577 Saxa
1847 2530 1895 2576 in
1942 2528 2095 2575 limite
2131 2530 2313 2584 maris;

209 2616 330 2661 intra
362 2614 547 2661 molam
574 2622 746 2678 portus
772 2614 1025 2664 Liburnici
1053 2614 1361 2678 frequentem
1385 2616 1499 2679 legi.

289 2735 573 2811 Opinioni
608 2737 719 2795 illae
745 2737 947 2794 Rothii
971 2783 986 2808 ,
1023 2757 1158 2814 quae
1186 2749 1460 2796 ramenta
1489 2740 1690 2796 medio
1716 2738 2112 2796 articulorum
2138 2739 2307 2795 affixa

207 2836 432 2903 statuit,
461 2856 582 2892 non
608 2855 863 2911 possum
888 2857 1011 2893 non
1052 2837 1354 2893 accedere.
1395 2835 1638 2894 Constat
1677 2839 1970 2895 nimirum
2011 2839 2172 2895 frons
2206 2837 2308 2894 filo

208 2933 455 2990 centrali
480 2935 796 2990 articulato
822 2934 1079 3011 singulo,
1109 2933 1282 3009 cujus
1306 2955 1374 2990 ex
1406 2936 1803 2993 articulorum
1829 2936 2031 2992 medio
2059 2936 2307 2993 verticil-

208 3029 303 3086 lus
346 3042 759 3089 ramentorum
808 3034 1131 3109 egreditur.
1176 3032 1351 3089 Rami
1392 3045 1594 3091 autem
1634 3054 1667 3090 a
1702 3035 1852 3092 tubo
1892 3036 2135 3092 centrali
2184 3055 2306 3091 non

209 3129 428 3186 ibidem
455 3143 832 3207 separantur,
857 3132 957 3190 sed
985 3133 1158 3190 illum
1179 3132 1376 3209 (quasi
1397 3133 1529 3190 tubi
1546 3133 1903 3210 peripherici
1917 3134 2306 3191 circumcirca

209 3227 520 3307 dispositi)
550 3241 854 3307 tangentes
890 3251 1087 3308 usque
1128 3232 1202 3288 ad
1244 3233 1589 3309 geniculum
1627 3243 1992 3309 sequuntur,
2035 3234 2239 3310 ibique
2274 3254 2307 3288 a

209 3327 362 3385 tubo
388 3328 632 3385 centrali
665 3330 933 3389 discretae
967 3331 1234 3389 offerunt
1265 3333 1519 3407 speciem
1555 3331 1818 3389 verticilli
1850 3332 1922 3388 ad
1961 3333 2304 3410 geniculum

210 3431 578 3504 egredientis

433 3619 552 3655 va.
597 3601 955 3662 WRANGELIA
997 3598 1120 3682 Ag.
1148 3622 1232 3681 sp.
1262 3601 1411 3682 Alg.
1443 3607 1497 3660 J.
1529 3598 1650 3681 Ag.
1686 3599 1869 3681 symb.
1896 3623 1952 3680 p.
1991 3603 2082 3676 37.

293 3768 479 3830 ⁴Frons
506 3771 815 3829 articulata
842 3773 1323 3848 monosiphonia,
1368 3773 1631 3832 articulis
1657 3770 2031 3830 inferioribus
2070 3780 2299 3827 rectan-
