2508 4022
980 252 1056 263 —
1110 219 1220 275 109
1254 245 1342 260 »ω

702 501 830 538 va.
880 478 1287 538 CHYLOCLADIA
1324 483 1493 539 Grex).
1527 478 1634 558 ref

177 691 363 746 Frons
389 688 695 755 tubulosa‚
726 687 839 744 filis
866 689 1248 763 sparsissimis
1272 706 1554 764 percursa
1575 695 1633 741 et
1657 684 2218 760 diaphragmatibus

93 788 389 845 cellulosis
436 789 626 845 divisa
662 835 675 858 ,
730 786 956 842 cellulis
1010 788 1404 863 periphericis
1454 784 1842 861 sub-duplici
1890 786 2033 839 serie
2098 785 2220 841 ‹lis-

93 891 300 966 positis
331 934 344 957 ‚
411 890 758 946 constituta.
833 887 1084 944 Fructus
1149 887 1373 961 duplex
1436 908 1448 941 :
1515 883 1876 942 Keramiclia
1928 885 2218 960 sphaerica

91 1001 198 1046 aut
245 1000 416 1047 ovata
463 987 779 1067 (denique)
824 999 1102 1064 pertusa,
1132 1007 1337 1061 sporas
1381 996 1665 1042 cuneatas
1702 986 1958 1061 simplici
2003 986 2145 1041 serie
2187 1007 2217 1040 a

95 1091 363 1166 placenta
389 1091 636 1147 centrali
660 1090 988 1157 radiantes,
1028 1091 1185 1144 intra
1211 1088 1538 1143 reticulum
1566 1087 1941 1143 laxissimum
1974 1085 2219 1141 filorum

93 1191 588 1266 rectangulariter
646 1189 1271 1258 anastomosantium,
1330 1187 1603 1243 foventia.
1667 1184 2119 1264 Splzaerosporoe
2160 1186 2220 1241 in

93 1294 318 1351 cellulis
365 1292 999 1370 infra-epidermaticis
1043 1290 1429 1347 ramulorum
1477 1285 1822 1343 nidulantes
1874 1287 2216 1362 sphaericae,

93 1394 356 1469 (lenique
400 1413 604 1469 sporas
651 1390 720 1462 4,
775 1391 1131 1468 triangulari
1172 1389 1459 1446 divisione
1503 1398 1713 1456 natas,
1756 1387 1912 1443 intra
1950 1388 2222 1464 perispo-

93 1497 252 1550 rium
283 1496 677 1550 continentes.
711 1492 954 1570 -Algae
998 1490 1389 1569 cylindraceae
1432 1488 2049 1544 celluloso—tubulosae
2090 1488 2227 1543 arti-

95 1594 702 1664 culato-constrictae,
748 1604 855 1650 aut
891 1591 1122 1648 inferne
1167 1589 1565 1645 caulescentes
1606 1588 1856 1644 ramulis
1897 1588 2225 1644 articulatis

95 1695 352 1769 pinnatae
374 1740 388 1764 ‚
434 1693 511 1750 ob
543 1703 800 1751 stratum
837 1703 1153 1749 externum
1185 1690 1675 1744 inconstructuin
1717 1687 2228 1764 gelatinoso-hya-

95 1793 292 1851 linum
329 1813 485 1869 saepe
530 1793 931 1863 sublubricae‚
971 1809 1287 1867 purpureo
1324 1789 1413 1844 vel
1441 1808 1627 1845 aureo
1659 1789 1916 1846 nitentes
1948 1788 2249 1864 quando-2

99 1894 349 1969 quidem
376 1893 899 1951 subiridescentes.

180 1993 383 2051 Genus
413 1994 592 2071 quale
619 1996 737 2051 fuit
766 2015 798 2048 a
828 1991 1085 2049 Greville
1130 1989 1537 2046 constitutum
1581 1987 2039 2064 aliquantulum
2085 2010 2228 2045 mue·-

97 2102 223 2148 tare
253 2090 473 2146 debere
517 2090 764 2147 credidi.
796 2088 1216 2146 Differentiam
1267 2092 1505 2146 fructus
1537 2091 1781 2146 existere
1821 2088 1940 2165 jam
1993 2091 2229 2146 monuit

101 2192 422 2268 Algologus
487 2191 897 2260 acutissimus,
952 2190 1303 2246 Keramidia
1352 2192 1413 2246 in
1474 2188 1579 2247 Ch.
1621 2189 1945 2247 clavellosa
1993 2202 2050 2246 et
2117 2188 2222 2248 Ch.

98 2290 435 2349 articulata
466 2312 588 2349 esse
616 2312 766 2368 poro
820 2301 1084 2366 pertusa,
1126 2292 1185 2346 in
1220 2288 1321 2348 Ch.
1373 2290 1636 2368 parvula
1666 2302 1722 2346 et
1765 2289 1865 2348 Ch.
1895 2288 2232 2367 Kahformi

100 2413 241 2449 vero
266 2392 486 2449 clausa.
508 2391 689 2461 Quod
719 2392 931 2447 attinet
960 2388 1064 2448 Ch.
1086 2390 1429 2468 parvulam,
1453 2411 1675 2466 porum
1695 2391 1959 2466 denique
1981 2392 2227 2446 existere

105 2494 416 2549 convictus
487 2512 639 2547 suin.
666 2492 863 2547 Immo
907 2491 1266 2559 reticulum,
1316 2492 1480 2566 quod
1525 2491 1843 2546 obovatain
1887 2492 2226 2566 congeriem

103 2611 425 2668 sporarum
449 2592 653 2667 cingit,
676 2611 784 2667 per
800 2601 1033 2667 partem
1055 2592 1427 2665 superiorein
1446 2591 1772 2647 Keramidii
1794 2591 1948 2645 ovati
1973 2592 2030 2645 in
2055 2611 2231 2646 cana-

102 2688 220 2746 lem
242 2688 500 2764 produci
518 2700 577 2743 et
602 2687 663 2742 in
709 2689 838 2762 ipso
865 2697 1110 2762 pertuso
1146 2687 1313 2762 apice
1362 2689 1688 2756 terminari,
1721 2687 1920 2742 videre
1962 2687 2224 2755 credidi;

107 2789 269 2845 unde
325 2789 546 2844 canalis
597 2785 826 2862 elapsui
894 2806 1213 2862 sperarum
1262 2788 1583 2844 inserviens
1639 2787 1805 2842 haud
1858 2786 2227 2843 infitiendus.

106 2891 424 2965 Speciinen
459 2887 893 2964 capsuliferum
941 2886 1047 2945 Cle.
1084 2888 1420 2968 liczlfformis
1454 2913 1573 2946 non
1618 2892 1692 2946 ad
1738 2911 1954 2947 manus
2008 2891 2228 2946 habere

106 2991 306 3059 doleO,
342 2990 442 3046 sed
475 2991 707 3064 apicem
740 2989 1002 3064 capsulae
1032 2989 1298 3066 denique
1345 2993 1603 3068 produci
1637 3003 1695 3047 et
1737 3003 2053 3067 pertusum
2106 3012 2228 3047 esse

107 3091 359 3146 asseruit
402 3090 446 3144 T
454 3109 658 3158 urner,
698 3088 865 3163 quod
908 3090 971 3144 in
1012 3084 1442 3170 Clzry‘symenicz
1499 3092 1804 3149 aciculczri
1845 3094 2021 3147 etiam
2072 3092 2222 3157 fieri,

111 3193 351 3266 propria
380 3190 792 3246 observatione
825 3189 1076 3246 edoctus
1117 3212 1274 3248 sum.
1318 3193 1680 3249 Differentiae
1721 3194 1926 3268 itaque
1968 3194 2229 3268 capsulae

111 3292 429 3366 perforatae
447 3291 535 3346 vel
564 3310 713 3365 poro
742 3290 1038 3346 destitutae
1066 3292 1228 3346 hand
1277 3295 1461 3349 milui}
1492 3294 1809 3349 tribuenda
1852 3304 1939 3349 est
1964 3294 2065 3363 vis,
2090 3294 2148 3348 h.
2176 3313 2224 3346 e.

112 3410 360 3465 porum,
388 3389 584 3444 saltim
612 3392 670 3445 in
699 3390 770 3445 ad
785 3391 996 3446 ultiore
1020 3402 1220 3461 aetate,
1261 3395 1315 3448 in
1356 3395 1641 3451 munibus
1665 3394 1924 3470 capsulis
1957 3394 2229 3469 placenta

113 3489 359 3545 centrali
403 3491 710 3545 instructis
758 3491 960 3547 adesse
985 3489 1100 3547 fere
1127 3494 1439 3550 convictus
1467 3515 1622 3550 sum.
1653 3494 1891 3569 Maioris
1935 3493 2228 3547 momenti

114 3601 318 3646 autem
343 3589 681 3646 differentia
721 3609 1060 3665 sperarum,
1098 3611 1283 3667 quarn
1326 3594 1659 3670 indigitavit
1695 3594 1918 3668 Anglws
1964 3592 2229 3647 celeber—

115 3690 330 3759 rimus,
359 3709 483 3746 esse
516 3689 668 3744 mihi
696 3688 950 3759 videtur,
994 3702 1050 3747 et
1093 3711 1307 3766 genere
1345 3692 1796 3773 C'htjrsymenioe
1852 3702 2222 3751 constructo,

121 3791 340 3864 species
375 3790 669 3866 quasdam
699 3809 841 3845 cum
880 3791 996 3849 hoc
1031 3792 1283 3848 omnino
1324 3796 1738 3850 convenientes
1763 3815 1794 3849 a
1822 3790 2228 3871 Chylocladia
