2508 4022
1081 276 1399 333 —83—

170 409 505 467 dammodo
531 406 846 483 indulgere
877 413 1122 461 coactus
1150 400 1258 474 fui,
1283 412 1342 458 et
1366 401 1799 458 subdivisiones
1830 408 2134 476 quantum
2163 417 2291 475 per-

172 511 446 568 miserint
493 517 818 565 structurae
858 503 1229 561 characteres
1266 501 1342 557 ad
1374 500 1658 558 habitum
1696 510 2015 584 externum
2047 499 2292 557 confor-

171 632 337 668 mare
363 618 617 666 conatus
657 627 792 664 sum
804 649 817 661 .

820 793 1132 853 SUBTRlRUS
1169 814 1214 850 1.
1240 792 1672 850 GLOIOCLADEAE.
1729 825 1739 832 -

261 969 524 1025 Frondes
554 965 941 1045 cylindraccae
982 975 1087 1020 aut
1110 983 1471 1039 compressae
1492 960 2142 1039 gelatinoso—lubricae3
2187 958 2301 1020 filis

179 1069 569 1146 periphericis
604 1065 1117 1123 moniliformibus
1147 1064 1402 1120 invicem
1444 1063 1645 1119 liberis
1694 1072 1800 1119 aut
1855 1080 2041 1118 muco
2093 1060 2305 1118 laxiori

181 1169 648 1225 cohaerentibus.
699 1164 1048 1224 Favellidicz
1071 1166 1131 1220 in
1162 1165 1341 1240 plexu
1385 1161 1636 1220 filorum
1667 1161 2306 1222 subinvolucrantium

180 1270 309 1338 sita⁷
335 1278 677 1325 extrorsum
697 1267 1005 1324 subnuda.
1029 1263 1452 1343 Sphoerosporoe
1462 1307 1602 1320 ......

795 1494 989 1533 vam.
1039 1475 1344 1533 CROUANIA
1387 1494 1523 1553 gen.
1571 1493 1702 1531 nov.

269 1686 452 1742 Frons
482 1683 769 1740 tubulosa
809 1683 1129 1739 articulata
1156 1727 1171 1753 ,
1218 1682 1373 1739 tubo
1419 1681 1657 1760 singulo
1699 1679 1951 1740 centrali
1990 1677 2108 1738 filis
2138 1681 2320 1738 verti-

187 1787 400 1843 cillatis
429 1784 768 1841 divaricatis
816 1782 1224 1861 rigidiusculis
1272 1782 1592 1840 subliberis
1641 1781 2006 1841 distantibus
2048 1780 2123 1837 ad
2152 1781 2322 1858 geni-

188 1887 323 1944 cula
347 1896 583 1942 ornato,
630 1885 886 1940 Fructus
914 1883 1178 1958 duplex?
1219 1888 1278 1940 F
1280 1881 1573 1941 avellidia
1601 1903 1761 1961 pone
1790 1882 2026 1961 apicem
2059 1880 2325 1940 ramulo—

187 2006 327 2044 rum
372 1984 770 2053 subsolitaria‚
823 1983 952 2039 basi
1012 1980 1261 2040 filorum
1329 1983 1832 2043 verticillatorum
1883 1982 2058 2040 affixa
2101 1984 2325 2061 hisque

191 2085 550 2143 subobtecta
571 2129 589 2158 ,
628 2085 786 2141 intra
827 2083 1238 2160 perisporium
1265 2083 1583 2161 hyalinum
1617 2085 2162 2144 membranaceum
2190 2105 2330 2143 con-

190 2188 413 2263 geriem
458 2184 888 2261 subglobosam
920 2204 1240 2260 sporarum
1275 2186 1664 2244 minutarum
1693 2187 1970 2247 foventia.
2014 2185 2332 2268 Sphoeros-

188 2304 361 2366 poroe
366 2330 458 2342 .....
483 2287 731 2362 —Algae
774 2285 1025 2342 lubricae
1068 2287 1324 2343 minutae
1354 2284 1666 2346 filiformes
1712 2290 2149 2363 ramosissimae,
2179 2287 2334 2347 tubo

195 2387 443 2444 centrali
478 2386 719 2463 hyalino
764 2385 1063 2443 verticillis
1106 2385 1479 2443 distantibus
1524 2387 1600 2444 ad
1643 2388 1920 2466 genicula
1963 2390 2178 2447 cincto,

280 2487 326 2543 A
375 2483 780 2564 Dudresnaja
829 2484 1028 2542 differt
1063 2484 1374 2541 favellidiis
1405 2505 1564 2561 pone
1592 2489 1825 2564 apicem
1859 2488 2338 2547 ramulorum—

199 2587 343 2643 hinc
363 2588 483 2643 fere
508 2587 648 2642 utin
673 2590 738 2642 N
735 2587 987 2641 accaria
1010 2585 1069 2639 in
1085 2594 1353 2641 rostrum
1370 2587 2333 2658 excurrentium—subsolitariiS‚

203 2697 262 2742 et
305 2685 422 2742 filis
449 2687 569 2741 fere
611 2685 862 2741 omnino
906 2683 1185 2754 obtectis,
1215 2681 1330 2738 filis
1374 2684 1516 2760 ipsis
1545 2686 1951 2763 rigidiusculis
1991 2687 2336 2745 divaricatis

202 2806 233 2839 a
260 2785 412 2842 tubo
433 2784 569 2863 (nec
592 2805 625 2839 a
649 2782 764 2839 filis
796 2781 1341 2860 longitudinalibus
1366 2783 1595 2843 tubum
1619 2786 2181 2867 circumdantibus)
2206 2788 2338 2845 soli-

202 2887 352 2942 tario
366 2896 424 2942 et
447 2884 766 2941 articulato
791 2882 1261 2960 egredientibus·
1290 2883 1440 2940 Tota
1465 2885 1631 2944 frons
1653 2886 2339 2947 noduloso-verticillata

203 3007 237 3042 a
298 2987 615 3044 Naccaria
665 2985 834 3070 facile
878 2983 1218 3060 distinguit,
1282 2994 1341 3039 et
1358 2984 1469 3041 nisi
1515 2986 2082 3047 obstarentfructus
2125 2989 2333 3066 potius

210 3084 661 3143 Callitlzamniis
674 3083 1036 3141 verticillatis
1055 3084 1315 3140 vicinam
1335 3085 2041 3148 suaderet.—-Fratribus
2064 3088 2331 3161 Crouan,

212 3184 505 3263 Algologis
538 3185 960 3256 celeberriiniS‚
993 3184 1340 3241 adversariis
1367 3189 1699 3261 acerrimis,
1727 3209 1916 3267 genus
1939 3191 2151 3250 dicavi.

242 3374 368 3433 165.
423 3378 516 3431 Cr.
568 3386 892 3432 attenuata
929 3370 1065 3431 noh.
1098 3372 1442 3453 Mesogloia
1479 3388 1806 3436 attenuata
1838 3378 1965 3459 Ag.
2002 3390 2146 3458 syst.
2184 3398 2245 3456 p.
2284 3376 2338 3434 5.

304 3482 454 3534 Mes.
483 3472 908 3554 monilzformis
934 3470 1121 3551 Griff.
1154 3475 1217 3530 in
1238 3472 1372 3553 Alg.
1399 3483 1714 3548 Danm0n3
1748 3476 2100 3558 Grffthsia
2139 3476 2339 3536 nodu-

299 3576 432 3633 losa
454 3574 563 3653 Ag
590 3593 675 3652 Sp·
701 3573 850 3652 Alg.
882 3595 938 3652 p.
965 3572 1100 3631 436.

287 3719 416 3767 Hah.
450 3717 559 3765 aliis
587 3717 722 3779 Algis
749 3719 1006 3780 parasitica
1042 3719 1089 3763 in
1129 3719 1253 3763 mari
1288 3721 1560 3782 apertiore3
1591 3724 1644 3771 in
1668 3723 1914 3773 Adriatico
1941 3724 2001 3773 ad
2027 3726 2336 3790 Tergestum,

219 3807 270 3853 in
299 3805 659 3854 Mediterraneo
687 3803 748 3851 ad
774 3804 990 3852 Livorno
1019 3813 1063 3850 et
1090 3805 1148 3852 ad
1175 3804 1316 3851 Cette
1338 3805 1452 3868 legi.
