2508 4022
1139 239 1449 294 „55-

232 367 334 425 cit.
369 363 592 421 Cellula
628 380 781 421 nova
806 364 886 420 ita
911 364 1158 420 formata
1189 361 1263 418 ad
1300 369 1523 417 certam
1550 357 1872 435 quemdam
1903 358 2150 415 limitem
2174 378 2318 435 pro-

231 466 541 539 longatur‚
567 481 690 538 quo
717 460 932 538 adepto
958 460 1207 518 ulterius
1241 459 1613 535 longitudine
1647 478 1769 514 non
1805 458 2075 516 increscit
2099 491 2167 500 —
2205 458 2316 515 nisi

231 562 343 621 sub
368 560 776 638 peculiaribus
801 561 1131 618 rationibus
1152 558 1476 633 anquando
1505 557 1849 615 inusitatam
1875 556 2313 634 longitudinem

229 660 583 738 adipiscitur
600 689 664 699 —
679 680 789 716 nec
805 660 1091 716 divisione
1107 655 1476 714 transversali
1499 665 1665 731 septa
1688 674 1840 712 nova
1863 655 1926 710 in
1949 654 2177 711 cellulis
2194 653 2314 730 jam

225 757 493 814 formatis
539 756 679 827 oriri
720 755 1032 827 videntur,
1081 766 1150 809 ut
1176 752 1239 809 in
1283 751 1584 812 Conservis
1628 753 1756 810 fieri
1792 753 2315 811 observationibus

228 853 433 912 Mohlii
470 865 720 912 constat.
755 854 909 911 Hinc
952 854 1012 909 in
1054 852 1269 909 fronde
1305 855 1617 911 articulata
1656 865 1797 911 sunt
1836 853 2062 912 cellulae
2097 852 2319 912 adultae

225 953 601 1030 longitudine
625 961 983 1024 constantes,
1013 962 1071 1009 et
1090 950 1317 1012 cellulae
1340 953 1635 1011 breviores
1658 973 1780 1030 quo
1794 953 2061 1029 juniores
2085 953 2172 1010 vel
2194 972 2318 1029 quo

224 1056 411 1132 magis
434 1054 706 1130 apicibus
734 1055 1037 1129 propiores
1080 1053 1198 1110 sint
1218 1087 1301 1097 -
1322 1053 1482 1111 unde
1515 1073 1762 1130 quoque
1788 1055 1849 1110 in
1874 1051 2157 1110 Florideis
2177 1052 2320 1110 cha-

224 1162 479 1211 racteres
511 1173 543 1210 e
575 1151 950 1229 longitudine
972 1152 1372 1211 articulorum
1396 1154 1659 1210 desumti
1698 1153 1896 1210 eximii
1934 1153 2315 1209 existimandi

223 1264 397 1324 sunt,
438 1253 590 1311 dum
616 1255 677 1309 in
704 1251 1035 1310 Conferveis
1076 1253 1280 1311 multis
1315 1252 1551 1309 articuli
1587 1252 1760 1309 vicini
1805 1251 2184 1328 longitudine
2228 1261 2316 1308 sat

221 1350 447 1409 diversa
475 1371 628 1428 saepe
648 1351 1057 1410 observantur.

304 1449 542 1510 Cellulae
580 1460 781 1509 autem
818 1451 1190 1527 peripherica
1230 1450 1553 1507 directione
1599 1469 1848 1527 quoque
1875 1451 2217 1508 increscunt
2252 1461 2315 1508 et

220 1560 539 1626 augentur,
558 1550 618 1606 id
642 1559 755 1618 est,
785 1560 946 1606 certo
974 1548 1267 1606 diametro
1296 1549 1514 1624 adepto
1544 1548 1641 1627 (in
1666 1547 2123 1629 Ροζγςίρήοηὶα,
2149 1554 2315 1608 Lau-

218 1651 455 1719 rencia‚
484 1646 622 1725 etc.)
643 1647 1134 1705 intra-utriculari
1164 1648 1520 1706 formatione
1546 1645 2076 1727 longitudinaliter
2104 1648 2317 1705 subdi-

218 1746 529 1804 viduntur.
557 1745 744 1805 Fibrae
774 1746 1019 1824 singulae
1041 1768 1075 1803 a
1100 1746 1473 1818 membrana,
1504 1766 1691 1822 quam
1732 1747 2129 1817 constituunt,
2164 1766 2319 1822 quo-

219 1846 549 1903 dammodo
579 1855 955 1921 separantur,
982 1866 1147 1902 nunc
1166 1846 1241 1902 ab
1268 1866 1391 1903 uno
1423 1845 1496 1901 ad
1515 1845 1773 1901 alterum
1802 1846 2091 1920 parietem
2122 1856 2317 1901 trans-

218 1956 429 2002 euntes
465 1945 729 2020 denique
767 1947 827 2000 in
854 1964 1069 2001 novam
1109 1945 1525 2001 membranam
1550 1988 1563 2013 ‚
1593 1943 1867 1999 cellulam
1902 1963 2118 1999 novam
2148 1963 2318 2019 sepa-

219 2054 452 2102 rantem
473 2089 488 2115 ,
516 2054 848 2120 augentur3
882 2064 1045 2100 nunc
1068 2045 1256 2120 spatio
1280 2062 1468 2099 vacuo
1494 2044 1554 2099 in
1574 2042 1800 2119 pariete
1822 2043 1964 2100 laxis
1989 2041 2155 2100 fibris
2180 2063 2320 2099 con-

219 2143 429 2201 stituto
467 2152 600 2200 orto
619 2188 633 2213 ,
680 2144 795 2199 hoc
849 2144 1065 2200 sensim
1118 2141 1455 2218 grandescit
1518 2152 1576 2199 et
1618 2140 1787 2200 fibrae
1846 2142 2218 2199 includentes
2256 2144 2317 2199 in

216 2245 634 2304 membranam
659 2245 1040 2303 solidescunt.

300 2345 373 2401 Ut
422 2344 508 2402 vel
550 2363 673 2400 uno
715 2344 806 2401 vel
849 2344 1032 2401 altero
1072 2345 1255 2402 modo
1287 2347 1374 2403 vel
1412 2347 1856 2403 combinatione
1899 2349 2216 2423 utriusque
2248 2346 2316 2404 fit

215 2453 610 2520 augmentum
633 2443 1012 2515 cellularum,
1039 2446 1231 2502 oritur
1248 2446 1434 2522 ipsius
1455 2445 1681 2502 frondis
1704 2446 2071 2503 increscendi
2095 2446 2314 2504 modus

214 2542 500 2601 diversus.
531 2544 600 2600 In
627 2543 940 2621 speciebus
964 2544 1290 2602 articulatis
1316 2545 1788 2620 monosiphoniis
1815 2543 2188 2624 (Ceramieoe)
2212 2565 2316 2603 su-

211 2647 634 2722 prautriculari
666 2648 1017 2704 formatione
1058 2647 1286 2706 cellulae
1330 2665 1494 2703 novae
1539 2655 1773 2703 tantum
1807 2647 2179 2713 formentum
2227 2656 2315 2703 est

212 2745 421 2821 itaque
450 2747 512 2801 in
537 2746 629 2803 his
654 2748 954 2825 vegetatio
977 2746 1204 2803 frondis
1226 2747 1435 2802 eximie
1463 2743 1811 2802 terminalis.

300 2843 718 2903 Gloiocladeoe
741 2856 799 2902 et
816 2844 1258 2925 Cryptonemeoe
1281 2845 1580 2919 pleraeque
1607 2854 1748 2900 sunt
1782 2845 1954 2919 quasi
1994 2842 2313 2902 Ceramieae

214 2944 594 3017 compositae3
622 2943 687 2999 h.
721 2964 768 2998 e.
794 2954 1071 3000 constant
1116 2953 1298 3000 strato
1344 2942 1590 2998 centrali
1642 2940 1937 2999 fibrarum
1987 2942 2312 3018 longitudi-

210 3038 443 3098 nalium
476 3061 509 3096 a
537 3041 760 3116 quibus
801 3040 900 3097 fila
939 3040 1343 3098 transversalia
1381 3038 1860 3096 moniliformiter
1898 3041 2211 3097 articulata
2245 3042 2308 3097 in

211 3146 464 3194 stratum
487 3139 934 3215 periphericum
955 3140 1336 3197 circumdans
1357 3139 1840 3199 exeunt.Cellulae
1862 3140 1990 3217 (seu
2013 3139 2304 3219 articuli),

209 3235 565 3292 formatione
597 3239 1096 3312 suprautriculari
1141 3240 1200 3295 in
1228 3250 1490 3316 utroque
1513 3259 1718 3296 earum
1752 3250 1936 3296 strato
1965 3252 2263 3317 augentur
2290 3257 2305 3294 ε

206 3332 565 3392 formatione
590 3336 941 3393 cellularum
981 3358 1271 3396 novarum
1308 3340 1368 3394 in
1406 3348 1589 3394 strato
1626 3339 1872 3395 centrali
1907 3338 2308 3418 prolongatur

206 3432 369 3491 frons
387 3479 402 3505 ‚
431 3445 490 3492 et
524 3436 686 3493 novis
710 3436 936 3493 cellulis
965 3441 1127 3495 strati
1165 3439 1464 3495 exterioris
1489 3436 1848 3516 peripherice
1883 3441 2189 3509 increscit,-
2217 3450 2305 3496 est

209 3532 412 3607 itaque
450 3532 674 3591 frondis
714 3536 994 3610 vegetatio
1027 3537 1087 3592 in
1128 3537 1221 3594 his
1247 3534 2006 3616 peripherieo-terminalis,
2042 3558 2145 3596 seu
2182 3539 2301 3595 fere

209 3631 410 3701 potius
434 3651 740 3711 exogenea
763 3633 1144 3691 nominanda.

294 3728 366 3784 Ut
385 3731 445 3785 in
465 3732 968 3801 antecedentibu5‚
990 3743 1075 3789 est
1092 3732 1585 3809 suprautriculari
1611 3735 1964 3791 formatione
1989 3732 2153 3808 quod
2175 3732 2296 3788 lon-

210 3825 611 3900 gitudinaliter
633 3831 974 3888 increscunt
1000 3830 1306 3890 Florideoe
1339 3830 1689 3889 articulatae
1708 3829 2176 3909 polysiphonece5
2189 3830 2291 3887 sed
