2508 4022
1123 250 1398 300 ...2-

213 378 608 441 constituunt,
644 371 1048 448 cylindraceos
1072 379 1177 425 aut
1200 369 1589 438 clavisormeS,
1623 369 1917 442 simplices
1943 380 2048 426 aut
2072 374 2310 446 saepissi-

212 499 310 535 me
350 491 631 541 ramosoS,
676 470 854 526 ramis
895 469 1161 543 denique
1197 467 1652 544 diaphragmate
1690 468 1945 543 simplici
1981 467 2307 545 disjunctis.

214 579 281 634 In
309 572 578 632 Ulvacez's
589 570 853 644 denique
877 579 1020 625 sunt
1041 567 1271 623 cellulae
1284 565 1954 643 rotundato-angulatae,
1978 569 2035 625 in
2053 579 2310 625 stratum

213 671 513 748 singulum
541 667 873 726 tubiforme
895 676 1000 722 aut
1023 663 1348 743 (collapsu)
1373 665 1906 722 membraniforme
1931 668 2311 725 coordinatae.

291 768 706 827 Membranam
739 763 1091 822 cellularum
1123 763 1291 820 fibris
1320 763 1682 820 tenuissimis
1722 764 1954 840 duplici
1990 765 2315 823 directione

210 869 527 946 subspirali
545 864 1004 924 excurrentibus
1029 872 1368 920 contextam
1393 882 1536 931 esse,
1563 862 1678 919 alio
1711 863 1841 920 loco
1875 863 2033 942 (vide
2062 865 2314 922 DisserC.

211 983 392 1029 nostr.
428 972 492 1024 in
533 967 596 1025 A
600 979 675 1023 cc.
731 987 862 1023 nov.
919 964 1121 1024 Acad.
1165 975 1292 1021 nat.
1338 962 1654 1039 curiosor.)
1697 972 2025 1019 monstrare
2065 974 2318 1020 conatus

211 1090 366 1130 sum.
410 1067 549 1125 Haec
595 1076 900 1123 structura
946 1065 1252 1141 praecipue
1290 1063 1532 1120 evidens
1585 1072 1671 1120 est
1717 1064 1780 1118 in
1825 1062 2049 1119 cellulis
2090 1065 2318 1140 magnis

215 1166 529 1248 Conservae
544 1165 891 1245 malagonii,
912 1169 976 1222 C.
997 1181 1243 1233 crassae,
1255 1173 1368 1218 ete.
1383 1207 1396 1233 ,
1421 1163 1481 1218 in
1502 1162 1650 1238 quib
1663 1182 1729 1219 us
1744 1160 1913 1219 fibrae
1927 1162 1987 1231 in
2007 1161 2321 1218 fasciculos

212 1266 536 1325 nonnullos
562 1263 917 1343 principales
947 1272 1451 1338 contorquentur,
1489 1272 1548 1318 et
1581 1281 1648 1318 ex
1689 1261 1780 1319 his
1815 1261 2016 1318 denuo
2049 1263 2110 1317 in
2139 1244 2320 1317 fibras

211 1369 345 1448 plus
383 1368 586 1424 minus
624 1365 938 1441 simplices,
986 1365 1173 1440 spatia
1206 1365 1358 1421 inter
1390 1365 1703 1421 fasciculos
1740 1365 1944 1422 relicta
1984 1366 2323 1441 implenteS,

215 1478 592 1544 separantur.
622 1465 741 1521 Nec
774 1464 977 1520 minus
1001 1465 1064 1519 in
1092 1464 1260 1519 omni
1289 1462 1576 1521 Conferva
1613 1463 1847 1540 majori,
1878 1476 2015 1539 post
2053 1464 2324 1540 elapsum

212 1567 626 1645 sporidiorum
651 1564 1015 1634 decolorata,
1044 1563 1365 1620 observatu
1391 1563 1575 1619 facilis
1598 1574 1684 1619 est
1709 1563 2079 1620 membranae
2103 1584 2134 1620 e
2158 1562 2326 1620 fibris

212 1676 586 1724 contextura.
616 1663 684 1718 In
708 1662 1019 1742 Siphoneis
1045 1663 1259 1739 aegrius
1286 1661 1657 1731 observatur,
1682 1672 1945 1719 attamen
1971 1664 2033 1718 in
2060 1666 2123 1723 V
2115 1662 2329 1720 alonia

211 1777 272 1822 et
295 1761 656 1842 Dasyclado
685 1760 1030 1819 recentibus
1064 1760 1395 1838 (exsiccatae
1433 1758 1753 1838 Siphoneoe
1787 1760 1867 1817 ita
1913 1760 2324 1831 collabuntur,

212 1875 283 1923 ut
307 1864 477 1940 plicae
502 1864 564 1919 in
588 1861 943 1919 membrana
967 1881 1072 1936 per
1095 1860 1549 1916 exsiccationem
1573 1870 1717 1916 ortae
1743 1879 2087 1934 numquam
2116 1861 2324 1916 denuo

212 1959 650 2039 extenduntur)
672 1960 920 2018 similem
941 1969 1309 2016 structuram
1330 1958 1526 2015 videre
1545 1959 1694 2014 mihi
1713 1957 1979 2034 contigit.
2007 1959 2324 2033 Nusquam

210 2081 352 2118 vero
374 2060 590 2116 melius
615 2078 804 2135 quam
831 2058 892 2113 in
917 2056 1240 2114 filamentis
1264 2056 1652 2113 interioribus
1679 2067 1737 2113 et
1760 2058 2073 2114 cavitatem
2098 2057 2329 2114 frondis

213 2157 711 2237 percurrentibus
741 2155 916 2216 Codii
942 2154 1144 2214 bursae
1165 2155 1296 2212 haec
1321 2166 1627 2213 structura
1654 2167 1932 2233 apparet3
1967 2158 2028 2213 in
2052 2154 2139 2213 his
2167 2159 2329 2213 enim

216 2260 387 2317 fibrae
409 2260 561 2316 adeo
587 2259 731 2315 laxae
755 2269 897 2316 sunt
925 2268 991 2314 ut
1017 2257 1129 2314 sub
1163 2255 1405 2313 cultello
1449 2257 1637 2314 immo
1680 2268 2056 2333 separantur,
2097 2256 2329 2335 duplici

216 2359 544 2416 directione
573 2357 772 2435 spirali
794 2366 1146 2425 excurrunt,
1179 2366 1237 2413 et
1266 2358 1641 2413 contortione
1668 2365 1885 2413 mutua
1909 2355 2329 2412 membranam

215 2459 502 2522 formant,
533 2457 652 2513 fere
680 2467 747 2513 ut
772 2456 885 2512 tela
913 2455 1143 2530 duplici
1176 2454 1424 2512 filorum
1452 2465 1749 2531 apparatu
1778 2464 2233 2510 contextuntur.

298 2557 455 2615 Sunt
482 2557 985 2627 continuationes,
1019 2555 1081 2610 ni
1109 2555 1302 2626 fallor,
1340 2555 1560 2612 harum
1604 2554 1972 2610 membranae
2004 2552 2325 2623 fibrarum,

218 2677 357 2734 quae
378 2658 689 2713 internum
718 2655 890 2711 illum
926 2653 1174 2711 filorum
1209 2665 1567 2730 apparatum
1595 2656 1656 2710 in
1699 2652 2014 2731 Caulerpis
2041 2654 2190 2708 adeo
2216 2653 2334 2709 evi-

217 2757 460 2813 dentem
496 2753 656 2832 (vide
696 2760 893 2813 Mont.
934 2773 1041 2811 sur
1079 2753 1144 2811 la
1187 2766 1294 2811 Str.
1332 2751 1434 2811 des
1480 2752 1881 2832 Cazalerpe'es),
1916 2753 2328 2821 constituunt,

221 2873 485 2930 quaeque
508 2853 839 2928 aliquando
867 2855 927 2908 in
954 2855 1236 2909 interiore
1263 2852 1618 2908 cellularum
1650 2858 1718 2910 C.
1739 2852 2069 2931 melagonii
2097 2852 2333 2927 sparsis—

222 2955 371 3011 sima
393 2953 520 3027 ipse
544 2951 744 3009 videre
766 2950 1013 3006 credidi.
1042 2951 1385 3026 Aliquando
1412 2970 1660 3026 quoque
1693 2963 1856 3008 extra
1882 2952 2109 3009 cellulae
2137 2970 2333 3006 mem-

219 3054 478 3110 branam
502 3051 564 3106 in
589 3048 691 3107 fila
719 3050 1068 3107 tenuissima
1097 3047 1241 3106 solvi
1267 3050 1568 3120 videntur,
1618 3052 1716 3107 sed
1758 3052 2073 3108 observatu
2102 3049 2334 3106 difficil-

224 3152 391 3221 lima,
438 3160 498 3206 et
531 3168 653 3205 non
692 3149 804 3204 nisi
851 3147 966 3204 sub
1010 3149 1166 3205 lente
1203 3150 1461 3205 maxime
1499 3160 1772 3225 augente,
1816 3149 1966 3207 etin
2009 3151 2185 3205 ramis
2228 3169 2334 3224 per

226 3250 500 3326 elapsum
527 3247 931 3325 sporidiorum
962 3249 1211 3304 omnino
1236 3249 1506 3325 hyalinis.
1540 3247 1666 3304 Hoc
1691 3249 1873 3304 modo
1897 3250 1958 3305 in
1986 3254 2088 3306 ΒΓ.
2118 3246 2333 3306 arbus-

227 3347 393 3406 culoe
420 3367 590 3406 ramo
607 3393 624 3420 ,
650 3366 854 3422 sporas
881 3348 1220 3417 emittente,
1254 3349 1371 3405 vidi
1413 3348 1831 3416 membranam
1865 3358 2048 3404 strato
2086 3346 2329 3404 filorum

232 3447 694 3516 circumdatam,
723 3456 782 3502 et
806 3448 866 3502 in
898 3443 1217 3524 Confervoe
1243 3447 1458 3522 specie,
1484 3446 1557 3502 ad
1593 3446 1658 3502 C.
1681 3449 2013 3504 vesicatam
2034 3447 2329 3522 proxima,

234 3547 514 3603 frondem
534 3547 707 3623 quasi
726 3546 870 3602 serie
887 3540 1164 3601 ciliorum
1188 3545 1721 3603 subtilissimorum
1738 3547 1995 3603 cinctam
2015 3544 2333 3602 observavi.

317 3644 662 3702 VEGETATm.
710 3643 970 3700 Omnem
997 3643 1275 3700 cellulam
1309 3644 1475 3701 fibris
1506 3643 1824 3720 spiralibus
1851 3654 2183 3701 contextam
2214 3662 2336 3698 esse

240 3743 391 3808 dixi;
413 3755 498 3802 est
523 3745 976 3818 prolongatione
1009 3744 1292 3801 continua
1318 3744 1535 3802 harum
1573 3742 1884 3812 fibrarum,
1913 3741 2076 3817 quod
2105 3739 2331 3797 cellulae
