2508 4022
1095 265 1173 274 .-
1216 231 1254 286 3
1300 264 1374 272 .-

182 364 652 439 prolongantur‚
687 357 947 415 subinde
987 357 1370 422 dividuntur,
1400 366 1457 412 et
1495 366 1616 413 tota
1643 358 1807 414 frons
1847 358 2142 414 increscit.
2173 357 2297 415 Hoc

182 473 387 521 autem
419 459 652 535 duplici
676 456 861 514 modo
886 454 1015 512 fieri
1040 456 1295 512 videtur.
1336 454 1561 511 Partim
1599 458 1759 511 enim
1789 457 2093 515 tendentia
2125 478 2303 534 pecu-

182 563 313 620 liari
360 560 659 616 fibrarum
703 557 781 613 ad
825 576 1008 612 novas
1047 555 1283 613 cellulas
1337 555 1511 611 certis
1561 554 1856 614 distantiis
1901 558 2304 634 procreandas

185 661 593 737 impelluntur
615 655 873 723 cellulae3
903 658 1150 732 partim,
1181 666 1341 712 certa
1365 664 1538 711 nacta
1562 654 1964 730 longitudine,
1994 658 2308 734 diaphrag-

186 772 348 818 mata
395 761 457 816 in
498 758 726 815 cellulis
767 755 1013 833 jamjam
1060 756 1329 813 formatis
1376 774 1529 811 nova
1573 755 1858 812 oriuntur
1914 755 2069 833 (vide
2107 756 2303 816 Mokl.

193 859 429 920 Observ.
448 856 522 915 cle
527 857 716 937 form.
740 854 874 913 cell.
905 858 969 912 in
987 855 1163 914 Αηη.
1184 854 1290 913 des
1309 873 1392 912 sc,
1413 855 1609 933 Nat.)
1633 853 1738 911 Ille
1758 857 2063 914 crescendi
2087 859 2309 916 modus

185 996 267 1004 —
284 979 393 1018 seu
419 958 701 1015 formatio
726 955 1086 1013 cellularum
1114 955 1646 1029 suprautricularis
1667 988 1743 997 -—
1760 956 1821 1011 in
1861 957 2029 1012 omni
2065 956 2312 1033 juvenili

196 1056 501 1140 Conferva
531 1056 776 1112 existere
813 1055 1195 1124 crediderim,
1240 1065 1298 1110 et
1338 1055 1538 1112 forsan
1578 1056 1760 1112 etiam
1791 1075 1901 1131 per
1939 1064 2139 1113 totum
2180 1059 2312 1114 vitae

189 1162 456 1239 spatium
482 1159 543 1214 in
570 1155 857 1213 omnibus
884 1155 998 1212 illis
1036 1154 1376 1232 speciebus,
1409 1174 1674 1231 quarum
1702 1154 1941 1213 articuli
1971 1157 2311 1215 terminales

189 1257 572 1318 inferioribus
593 1255 893 1314 breviores
916 1265 1060 1314 sunt
1080 1254 1170 1334 (in
1196 1259 1261 1314 C.
1283 1253 1599 1334 pellucida
1619 1266 1678 1313 et
1694 1255 1914 1334 .affin.);
1939 1255 2087 1312 alter
2108 1265 2316 1313 autem

187 1359 565 1419 formationis
582 1355 944 1415 cellularum
967 1356 1189 1413 modus
1203 1389 1290 1400 --
1303 1375 1408 1413 seu
1427 1355 1906 1413 intrautriculari
1929 1355 2220 1412 divisione
2242 1389 2316 1398 —

188 1464 251 1518 in
291 1461 405 1519 illis
443 1458 790 1536 speciebUS,
829 1476 969 1534 quae
1011 1457 1185 1514 initio
1230 1456 1421 1513 affixae
1455 1456 1724 1533 denique
1765 1455 2010 1524 solutae,
2054 1466 2320 1531 utroque

190 1562 380 1637 apice,
407 1578 513 1617 seu
546 1558 771 1616 rectius
802 1576 911 1633 per
934 1565 1126 1613 totam
1161 1554 1629 1634 longitudinem,
1652 1554 1966 1633 aequaliter
1996 1558 2321 1613 increscere

190 1660 476 1720 videntur
520 1653 724 1737 (Conf.
778 1655 979 1713 linum
1026 1655 1274 1736 etraff.)
1310 1656 1615 1733 praecipue
1660 1656 2046 1729 observatur3
2098 1660 2159 1714 in
2213 1659 2325 1717 illis

193 1759 533 1838 speciebuS‚
566 1777 833 1835 quarum
875 1756 1112 1814 articuli
1154 1757 1499 1814 terminales
1537 1758 1747 1816 ceteris
1790 1759 1986 1816 multo
2024 1759 2320 1836 longiores

192 1869 358 1931 sunt,
395 1877 657 1935 quaeque
697 1855 982 1914 divisione
1013 1857 1306 1914 continua
1340 1856 1580 1914 articuli
1620 1859 1951 1917 terminalis
1992 1860 2324 1916 increscere

193 1960 495 2028 videntur,
525 1976 700 2033 aeque
724 1955 1049 2013 obveniens
1076 1953 1163 2033 (in
1193 1954 1368 2034 (30νῇ.
1402 1953 1863 2015 membranacea
1888 1969 1946 2015 et
1973 1957 2188 2036 affin.).

277 2058 525 2116 Cellulae
544 2055 1064 2137 Siphonearum—
1075 2076 1179 2114 seu
1199 2056 1326 2114 illas
1345 2056 1526 2114 tubos
1545 2056 1847 2133 appellare
1867 2058 2054 2116 mavis
2073 2058 2327 2115 —semel

195 2161 492 2232 formatae,
524 2157 1021 2216 transversalibus
1051 2159 1232 2234 septis
1259 2177 1609 2235 numquam
1635 2157 2018 2228 dividuntur,
2049 2170 2108 2216 et
2131 2161 2328 2236 apices

197 2261 504 2338 praecipue
529 2260 858 2316 increscere
887 2268 947 2314 et
971 2258 1235 2336 vigentes
1271 2270 1586 2335 apparent.
1619 2257 1849 2317 Ramus
1876 2280 2097 2336 nempe
2137 2261 2330 2318 omnis

200 2371 270 2418 ut
309 2358 768 2435 protuberantia
804 2357 880 2414 ad
928 2358 1163 2434 apicem
1212 2358 1349 2416 tubi
1393 2359 1743 2436 principalis
1785 2360 2149 2434 inchoatur,
2194 2380 2332 2437 quae

199 2461 419 2518 sensim
465 2459 527 2514 in
569 2479 796 2516 novum
854 2459 1083 2516 tubum
1135 2459 1573 2535 prolongatur,
1639 2460 1915 2516 canalem
1972 2481 2118 2518 cum
2172 2460 2322 2518 tubo

199 2559 488 2635 primario
535 2559 896 2634 contiguum
956 2559 1149 2630 initio,
1199 2569 1266 2616 ut
1308 2559 1570 2631 videtur,
1619 2559 1905 2617 formans.
1965 2559 2142 2619 Rami
2190 2562 2328 2618 novi

200 2659 329 2716 basi
381 2660 603 2715 sensim
661 2657 1108 2733 strangulantur
1154 2670 1214 2716 et
1261 2659 1519 2734 simplici
1567 2658 1956 2729 membrana,
2011 2662 2074 2716 ni
2119 2660 2323 2729 fallor,

203 2759 468 2834 denique
521 2777 555 2813 a
591 2777 762 2814 ramo
799 2759 1087 2834 primario
1131 2758 1612 2835 distinguuntur.
1650 2759 1682 2815 J
1692 2760 1987 2817 uvenilem
2040 2763 2330 2840 Bryopsi-

201 2857 322 2916 den
369 2855 795 2928 arbusculam,
837 2858 899 2914 in
940 2878 1102 2934 aqua
1143 2859 1310 2915 dulci
1355 2860 1692 2936 depositam
1730 2871 2091 2918 contentum
2143 2863 2328 2919 inter-

203 2978 356 3016 num
379 2977 412 3012 a
437 2958 653 3014 fronde
679 2957 998 3034 principali
1026 2959 1087 3014 in
1114 2959 1381 3016 ramulos
1408 2961 1787 3017 emittentem
1813 2960 1958 3030 vidi,
1985 2961 2150 3017 unde
2179 2972 2327 3018 tunc

205 3057 660 3133 diaphragmata
699 3057 866 3114 nulla
904 3059 1363 3135 contiguitatem
1405 3061 1726 3136 utriusque
1766 3060 1985 3118 canalis
2024 3082 2328 3138 rumpere,

206 3156 446 3212 credere
470 3156 554 3213 fas
581 3157 714 3214 fuit.
751 3154 990 3228 Contra,
1017 3159 1077 3213 in
1107 3157 1311 3232 planta
1351 3171 1592 3217 matura
1618 3160 1883 3236 sporidia
1912 3181 1982 3218 ex
2008 3183 2133 3222 uno
2157 3181 2327 3219 ramo

207 3257 575 3315 emittuntur
620 3258 917 3334 huncque
957 3259 1207 3314 omnino
1245 3280 1510 3318 vacuum
1544 3262 1845 3333 reddunt,
1888 3263 2042 3321 dum
2080 3264 2327 3321 materia

207 3357 529 3431 granulosa
555 3360 615 3414 in
638 3358 824 3416 altero
848 3369 908 3415 et
928 3359 1122 3416 vicino
1145 3360 1375 3418 nullam
1405 3362 1583 3438 plane
1607 3362 1775 3420 subit
1803 3366 2223 3422 mutationem.

292 3455 744 3516 ancnmcmo.
792 3459 1028 3535 Duplex
1105 3458 1340 3520 fructus
1403 3474 1729 3540 apparatus
1793 3466 1855 3520 in
1914 3465 2326 3538 Zoospermeis

210 3558 456 3613 existere
496 3557 765 3628 videtur,
820 3570 1030 3617 utrum
1074 3579 1210 3617 vero
1249 3563 1311 3618 in
1348 3563 1594 3622 diversis
1627 3563 1985 3633 individuis,
2021 3583 2097 3620 an
2132 3565 2190 3621 in
2224 3585 2327 3621 eo-

214 3656 351 3712 dem
382 3666 721 3732 utrumque
745 3658 1048 3733 obveniat,
1077 3660 1356 3719 nondum
1381 3665 1595 3740 liquet.

304 3774 323 3811 1
336 3764 353 3784 ⁰
378 3755 662 3836 Sporidia
683 3759 744 3815 in
762 3779 1133 3837 unaquaque
1157 3762 1385 3821 frondis
1400 3776 1592 3840 parte,
1616 3765 1827 3822 cellula
1841 3765 2095 3824 articulo
2115 3776 2221 3824 aut
2235 3777 2326 3824 tu·-
