2508 4022
1156 247 1432 301 ...8.-

739 459 784 513 1.
832 458 1323 517 RlVULARIEAE.
1355 465 1542 524 Harv.
1568 468 1671 520 ΒΓ.
1699 462 1801 520 Fl.

320 647 576 705 Tribum
597 669 631 704 a
659 647 887 726 Harvey
913 650 1303 706 constitutam
1331 668 1615 707 conservo
1636 695 1654 719 ‚
1687 649 1825 706 licet
1849 649 2060 722 hodie,
2085 651 2335 711 charac-

237 746 464 806 teribus
509 747 920 806 habitualibus
970 758 1210 805 tantum
1258 747 1679 825 distinguenda
1697 794 1712 820 ‚
1779 747 1853 806 ab
1908 750 2339 811 Oscillatorieis

234 845 665 925 (mediantibus
695 845 1131 906 Gloiothriclzia
1157 857 1215 903 et
1240 843 1602 925 Calotlzrice)
1628 858 1929 906 structura
1952 850 2047 906 vix
2070 853 2327 909 recedat.

235 946 277 1000 F
280 944 638 1003 ructificatio
686 947 1009 1021 hucusque
1038 946 1272 1022 ignota3
1315 945 1413 1002 sed
1456 946 1763 1022 duplicem
1813 948 2102 1022 suspicor.
2158 957 2208 1005 1⁰
2250 949 2336 1006 Ex

234 1045 504 1122 analogia
541 1065 682 1103 cum
730 1044 1098 1102 Oscillatoria
1124 1045 1379 1102 annulos
1416 1045 1724 1103 interiores
1766 1045 1994 1104 frondis
2032 1047 2093 1104 in
2133 1068 2338 1123 sporas

235 1145 648 1202 transformari
676 1145 763 1202 vel
790 1148 850 1202 in
875 1145 1134 1220 sporidia
1158 1144 1300 1201 solvi
1317 1189 1332 1215 ,
1371 1144 1614 1201 credere
1642 1145 1727 1201 fas
1753 1155 1841 1202 est
1867 1171 1882 1214 ;
1930 1155 1986 1202 2⁰
2020 1146 2083 1203 in
2117 1146 2339 1225 Diplo-

235 1242 453 1300 trichia
473 1244 747 1321 globulos
770 1246 923 1301 inter
952 1243 1053 1300 fila
1078 1244 1307 1302 frondis
1335 1243 1677 1301 nidulantes
1693 1289 1706 1313 ‚
1735 1245 1891 1301 intra
1916 1245 2337 1302 membranam

233 1343 543 1421 hyalinam
593 1345 973 1420 granulosam
1011 1345 1272 1400 foventes
1312 1342 1659 1412 materiam,
1704 1361 1843 1417 quae
1882 1345 2095 1400 sensim
2124 1343 2248 1399 abit
2276 1343 2338 1400 in

236 1442 414 1500 filum
438 1443 821 1512 annulatum,
846 1443 1015 1499 initio
1041 1441 1333 1516 spiraliter
1359 1441 1782 1515 convolutum,
1803 1443 2060 1519 denique
2082 1462 2203 1499 sese
2231 1442 2340 1499 eri-

232 1563 373 1620 gens
413 1553 471 1600 et
498 1543 891 1618 perisporium
919 1542 978 1596 in
1004 1539 1261 1596 formam
1295 1540 1940 1616 cylindraceo-ovatam
1970 1541 2291 1598 extendens
2319 1585 2336 1611 ,

236 1643 428 1701 donec
454 1641 629 1698 filum
657 1641 862 1697 ceteris
910 1637 1220 1696 consimile
1258 1638 1656 1709 constituerit,
1687 1638 1826 1695 vidi.
1862 1639 2075 1697 Utrum
2110 1640 2340 1716 globuli

231 1743 364 1812 isti,
395 1740 494 1797 fila
519 1760 672 1797 nova
700 1748 1078 1816 generantes,
1111 1740 1336 1796 fuerint
1374 1739 1442 1796 iis
1470 1737 1686 1797 similes
1720 1749 1779 1795 et
1812 1738 2069 1815 analogi,
2099 1758 2252 1814 quos
2279 1739 2340 1794 in

232 1841 584 1899 Rivularieis
609 1842 812 1897 omnia
838 1838 939 1896 fila
967 1839 1095 1897 basi
1126 1850 1364 1916 gerant,
1393 1848 1451 1895 et
1483 1849 1694 1896 utrum
1724 1859 1791 1895 ex
1828 1839 2053 1895 annulo
2090 1837 2216 1908 fili,
2241 1837 2341 1895 cui

234 1941 438 1997 adnati
459 1941 605 2013 sint,
630 1938 832 2015 erupti
852 1938 1097 2012 fuerint,
1123 1958 1199 1994 an
1234 1938 1350 1995 alio
1385 1937 1569 1994 modo
1598 1939 1724 1995 nati
1746 1948 1806 1995 et
1826 1938 2161 2014 explicandi
2190 1939 2305 1995 sint
2325 1981 2343 2009 ‚

235 2039 646 2098 observatione
670 2037 944 2096 decidere
968 2057 1090 2094 non
1114 2039 1306 2112 potui.

938 2272 975 2308 1.
1023 2252 1439 2308 GLolormcmA
1484 2250 1616 2309 nob.

318 2442 438 2500 Fila
460 2441 752 2517 simplicia
770 2440 1389 2498 obclavato-subulata
1412 2484 1426 2509 ,
1452 2439 1699 2515 globulo
1733 2439 1976 2515 hyalino
2016 2439 2337 2497 insidentia

232 2542 501 2619 singula,
547 2541 788 2597 materia
839 2540 1072 2597 interna
1111 2540 1237 2597 basi
1278 2538 1686 2597 subcontinua
1733 2557 1990 2615 superne
2041 2540 2333 2601 annulata

232 2642 456 2712 faretri,
482 2641 608 2697 sine
647 2639 857 2696 ordine
882 2640 944 2698 in
967 2649 1149 2696 strato
1192 2638 1622 2715 mucilaginoso
1666 2638 1892 2695 frondis
1929 2638 2119 2696 laxius
2152 2639 2343 2697 nidu-

231 2741 431 2796 lantia.

315 2838 585 2898 Stratum
633 2839 1172 2914 mucilaginosum,
1215 2857 1402 2914 quam
1444 2838 1506 2892 in
1559 2838 1769 2896 ceteris
1806 2836 2122 2914 generibus
2160 2837 2348 2912 hujus

233 2939 430 2996 trihus
475 2937 841 3007 evidentius,
883 2949 941 2995 et
984 2937 1086 2994 fila
1127 2938 1186 2995 in
1230 2937 1330 2994 illo
1370 2937 1558 2993 laxius
1598 2936 1920 3012 disposita,
1966 2938 2088 2993 sine
2128 2936 2339 2993 ordine

234 3057 472 3113 sparsa,
531 3045 795 3093 attamen
838 3035 1293 3112 quodam-modo
1346 3035 1671 3105 radiantia,
1735 3055 2056 3111 nunquam
2096 3035 2342 3110 apposi-

231 3137 395 3193 tione
421 3155 673 3192 ramosa.
697 3134 833 3212 Ipsa
859 3133 956 3192 fila
978 3135 1221 3193 diversae
1242 3155 1491 3213 quoque
1511 3137 1740 3203 formae3
1769 3144 2087 3192 contentus
2118 3153 2338 3210 nempe

232 3235 388 3291 intra
435 3234 853 3296 membranam
888 3235 1190 3311 hyalinam
1233 3216 1501 3292 inclusus
1542 3232 1616 3289 ad
1658 3232 1829 3289 basin
1864 3234 2208 3290 crassiorem
2243 3241 2333 3289 est

233 3333 556 3402 indivisuS,
597 3350 854 3407 superne
895 3353 1034 3390 vero
1090 3333 1256 3391 utin
1320 3332 1566 3407 reliquis
1626 3330 1944 3407 generibus
2000 3329 2336 3390 annulatim

234 3432 472 3490 divisus.

240 3611 286 3651 1.
336 3593 432 3652 Gl.
459 3594 764 3674 angulosa
788 3592 921 3653 nob.
946 3597 1072 3651 Riv.
1098 3595 1419 3674 angulosa.
1445 3598 1568 3672 Ag.
1595 3605 1735 3671 syst.
1757 3614 1817 3672 p.
1844 3595 1936 3652 25.

199 3801 202 3807 ὦ
296 3735 421 3786 Hab.
458 3736 537 3801 (an
566 3740 616 3785 in
635 3740 758 3786 mari
782 3740 822 3798 Ρ)
848 3738 1291 3802 Galloprovinciae3
1315 3754 1390 3803 sp.
1415 3738 1461 3785 d.
1483 3734 1838 3797 Perreymond!
