2508 4022
1090 216 1407 268 ...74-

275 339 470 401 Species
508 335 651 398 hujus
686 339 876 397 generis
914 338 1071 404 forsan
1111 341 1343 396 maxima,
1381 339 1601 398 caulibus
1637 338 1734 393 4-5
1770 340 2106 404 pollicaribus,
2138 359 2295 407 penna

207 424 450 486 passerina
476 419 799 469 crassioribus
827 424 1167 483 inarticulatis,
1194 425 1298 473 basi
1325 429 1376 474 in
1404 429 1654 491 caespitem
1673 429 1872 491 junctis,
1904 429 2085 492 ubique
2104 432 2296 479 residuo

207 506 510 552 ramulorum
539 504 696 564 hirtis,
725 522 933 572 superne
959 510 1104 556 ramis
1131 507 1410 559 lateralibus
1437 514 1653 574 virgatis.
1680 513 1822 560 Rami
1849 515 2022 578 aequali
2055 516 2151 561 fere
2184 517 2293 562 lon-

204 592 445 652 gitudine,
476 593 729 640 nonnullis
763 595 1078 641 inferioribus
1105 595 1233 642 cauli
1260 597 1627 657 conformibus,
1661 597 1825 644 denuo
1860 599 2064 647 ramulis
2093 602 2298 647 minutis

204 677 547 740 decompositi.
590 679 784 724 Ramuli
825 680 1110 726 densissime
1146 679 1418 728 dichotomi
1455 682 1513 729 atl
1553 682 1838 744 geniculum
1876 684 2105 748 quodque
2132 685 2297 744 divisi,

204 760 406 808 sinubus
431 763 745 822 acutissimis,
775 764 989 811 ramellis
1010 763 1101 810 sub
1120 766 1296 828 aequali
1317 767 1625 830 longitudine
1647 768 1746 814 fere
1764 769 2060 831 corymbum
2083 771 2302 817 efficien-

205 848 353 897 tibus.
394 848 601 895 Articuli
635 850 685 895 in
736 852 882 896 ramis
919 851 1152 910 distincti,
1192 851 1430 899 diametro
1466 853 1898 916 sesquilongiores,
1945 855 2068 903 tubo
2108 857 2301 902 interno

204 934 251 979 in
280 935 523 981 exsiccata
553 943 761 997 angusto
789 935 1027 999 collapso,
1057 938 1392 984 circumdante
1419 937 1578 985 multo
1606 938 1768 986 latiori
1795 938 2012 1002 hyalino.

287 1063 448 1120 Inter
485 1062 550 1119 C.
595 1064 1002 1121 versicolorem
1034 1077 1094 1124 et
1123 1064 1187 1124 C.
1219 1068 1603 1145 granulatum
1636 1069 2092 1147 quodammodo
2121 1071 2304 1128 inter-

208 1162 503 1234 medium,
538 1163 636 1219 illo
659 1164 942 1240 multiplo
965 1163 1158 1241 majus
1182 1176 1239 1223 et
1264 1167 1537 1227 caulibus
1562 1169 1754 1241 hirtis,
1784 1170 2307 1246 articulorumque

206 1261 489 1318 brevitate
527 1263 825 1320 diversum
846 1287 863 1335 3
906 1263 982 1320 ab
1024 1264 1140 1322 hoc
1170 1267 1416 1324 ramulis
1444 1269 1674 1339 erectis,
1712 1288 1820 1325 nec
1851 1269 2209 1341 divaricatis,
2250 1279 2312 1326 et,

204 1361 403 1417 colore
435 1383 467 1418 a
507 1362 729 1437 pallido
759 1383 1054 1439 roseoque
1092 1365 1403 1440 variegatO,
1436 1367 1953 1443 distinguendum.

289 1505 419 1576 445.
448 1505 509 1563 C.
532 1508 933 1586 granulatum
962 1506 1084 1587 Ag.
1121 1525 1206 1586 sp.
1237 1527 1301 1586 p.
1351 1527 1477 1587 177.

272 1664 404 1714 Hab.
429 1665 486 1711 ad
514 1681 660 1730 rupes
682 1676 727 1712 et
753 1682 864 1713 saxa
894 1665 1138 1713 undarum
1165 1667 1211 1712 vi
1240 1675 1290 1712 et
1314 1665 1416 1714 sole
1444 1680 1571 1731 saepe
1590 1667 1811 1731 exposita
1851 1667 1902 1712 in
1924 1665 2081 1712 limite
2119 1666 2301 1721 maris:

203 1768 228 1799 a
255 1752 419 1799 littore
437 1755 705 1801 Oeeitaniae
733 1769 887 1816 usque
914 1753 973 1800 ad
998 1752 1172 1801 Amalfi
1195 1754 1334 1815 regni
1357 1749 1672 1817 Neapolitani
1695 1753 1876 1816 passim
1897 1751 2006 1814 legi.

286 1883 422 1956 446.
450 1883 507 1940 C.
554 1895 934 1964 tetragonum
962 1880 1088 1962 Ag.
1118 1901 1205 1960 sp.
1244 1903 1303 1960 p.
1345 1882 1471 1960 176.

279 2026 408 2075 Hah.
441 2027 500 2073 ad
526 2041 690 2090 rupes,
717 2042 873 2091 prope
901 2026 1042 2072 Cette
1068 2033 1258 2073 tantum
1286 2025 1398 2088 legi.

1825 2206 1847 2231 θ

891 2221 1124 2298 Species
1175 2214 1563 2297 inquirendae
1605 2236 1620 2272 .·

296 2409 422 2484 ¹47·
451 2404 508 2465 C.
560 2409 1021 2465 minutissimum
1062 2403 1338 2464 Zanard.
1361 2438 1436 2448 -—-
1457 2424 1532 2460 an
1554 2399 1610 2458 C.
1642 2402 1866 2461 tenella
1900 2402 2137 2462 Dillw?

290 2540 501 2617 ²148.st
543 2546 872 2603 Savianum
903 2540 1178 2621 Meneglz.
1212 2540 1324 2598 litt.
1369 2537 1458 2597 ad
1493 2537 1805 2596 Corinaldi
1839 2560 1902 2596 η.
1942 2540 1998 2596 3.

409 2767 556 2805 xmv.
600 2714 964 2804 GmFFITiism
1003 2743 1127 2827 Ag.
1165 2766 1254 2826 Sp.
1296 2746 1424 2827 Alg.
1458 2752 1516 2806 J.
1558 2750 1682 2826 Ag.
1717 2744 1901 2827 symb.
1926 2767 1985 2824 p.
2019 2744 2112 2822 39.

293 2957 472 3012 Frons
519 2955 830 3012 articulata
877 2953 1361 3030 monosiphonia.
1419 2953 1676 3009 Fructus
1724 2953 1991 3028 duplex:
2038 2951 2318 3010 Favelloe

210 3054 516 3119 involucro
556 3053 815 3129 regulari
855 3052 1234 3109 umbellatim
1273 3051 1575 3108 ambiente
1620 3060 1808 3119 tectae,
1852 3052 2006 3106 intra
2046 3051 2316 3126 perispo-

210 3155 369 3211 rium
397 3154 706 3229 hyalinum
733 3173 935 3230 speras
966 3171 1316 3210 numerosas
1359 3149 1668 3226 angulatas
1716 3148 1999 3204 foventes.
2032 3147 2282 3226 Sphoero

209 3271 397 3332 sporoe
425 3253 501 3308 ad
532 3252 836 3310 internum
868 3253 1024 3309 latus
1051 3250 1343 3309 involucri
1376 3248 1657 3325 regularis
1687 3246 2019 3305 verticillati
2049 3248 2307 3304 seriatim

211 3351 509 3427 dispositae
553 3350 878 3425 sphaericae,
918 3350 1070 3405 intra
1124 3349 1521 3425 perisporium
1573 3347 1882 3424 hyalinum
1924 3347 1984 3402 in
2026 3365 2229 3422 speras
2277 3346 2312 3401 4

215 3450 504 3525 triangulo
530 3448 745 3505 divisae.

295 3548 619 3623 Postquam
648 3546 738 3625 (in
765 3544 1010 3614 symbol.
1048 3567 1104 3622 p.
1149 3546 1247 3624 37)
1286 3548 1615 3625 genericam
1650 3546 2091 3604 distinctionem
2152 3542 2312 3598 Gris-

221 3642 427 3702 lithsize
461 3658 663 3704 contra
687 3647 1029 3723 opinionem
1058 3649 1164 3704 cel.
1198 3648 1370 3721 Duby
1416 3657 1472 3703 et
1500 3644 1833 3721 Montagnei
1873 3641 2186 3698 defendere
2223 3660 2315 3695 οοὃ
