2508 4022
1042 195 1359 249 -88-

147 316 456 373 merulum
498 335 817 390 sporarum
854 337 889 370 a
934 327 1162 392 puncto
1192 317 1436 372 centrali
1474 320 1907 394 egredientium
1951 327 2259 381 continen-

148 416 246 471 tia.
289 419 768 492 Spoerosporoe....
787 458 798 469 .
847 414 1004 492 Algae
1035 414 1542 474 lumbriciformes
1572 419 1911 494 gelatinos'ae
1935 442 2257 500 purpureae

146 535 323 592 parce
352 513 736 571 dichotomae.

225 614 560 688 Postquam
594 613 725 670 loco
769 614 948 671 citato
977 635 1164 691 genus
1194 618 1555 676 constituere
1591 638 1976 692 conaveram‚
2026 623 2262 685 Floram

147 711 441 788 Caprariae
470 712 669 770 videre
694 715 974 790 contigit,
1010 724 1069 771 et
1093 715 1357 792 analysin
1386 728 1704 776 structurae
1727 719 2090 798 fructusque
2120 744 2262 780 nos-

142 813 250 870 tris
275 813 529 868 omnino
560 815 1018 871 convenientem
1045 813 1215 872 laetus
1242 818 1469 892 agnovi.
1493 818 1791 890 Rationes,
1827 839 1964 896 quae
1993 833 2263 880 auctores

143 912 339 988 operis
382 911 527 968 dicti
562 911 1008 987 perducerunt‚
1049 912 1321 989 plantam
1365 917 1439 973 ad
1496 918 1894 997 „Mesogloz'am
1937 922 2148 980 referre
2198 952 2262 965 —-

141 1031 364 1088 nempe
390 1021 696 1069 structura
720 1015 1072 1070 conveniens
1099 1015 1457 1092 fflesogloioe
1481 1017 1808 1097 multifidae
1830 1054 1905 1062 ——-
1927 1022 1988 1077 in
2012 1041 2081 1077 eo
2105 1041 2265 1098 quo-

145 1135 265 1192 que
307 1115 433 1190 ipse
481 1116 721 1191 agnovi,
768 1114 934 1191 quod
979 1116 1136 1173 hanc
1184 1119 1442 1192 speciem
1481 1119 1826 1176 Nemalioni
1869 1142 2266 1200 congenerem

144 1215 452 1274 declaravi.
482 1214 595 1271 Sed
623 1225 951 1291 utramque
979 1218 1238 1291 speciem
1262 1237 1294 1271 a
1322 1219 1544 1275 caeteris
1567 1212 1927 1298 ,Mesogloioe
1956 1221 2269 1295 speciebus

141 1328 202 1374 et
245 1326 550 1374 structura
612 1326 670 1373 et
720 1318 925 1374 fructu
973 1338 1097 1373 non
1142 1336 1363 1392 parum
1424 1318 1662 1376 differre
1717 1319 2056 1378 observanti
2101 1320 2269 1388 facile

139 1415 401 1492 patebit,
448 1417 609 1472 unde
652 1416 779 1473 illas
822 1436 1010 1490 genus
1057 1418 1380 1492 proprium
1428 1422 1793 1476 constituere
1839 1420 2076 1489 debere,
2118 1421 2269 1476 mihi

141 1536 500 1592 persuasum
548 1516 826 1572 habeam.
878 1515 1167 1573 Auctores
1215 1516 1398 1576 Florae
1447 1517 1746 1594 Caprariae
1787 1540 1960 1577 suam
2007 1524 2269 1596 speciem

140 1639 175 1674 a
204 1615 504 1693 Dubyana
537 1615 711 1692 longe
745 1626 1041 1672 remotam
1074 1615 1445 1690 praedicant,
1489 1618 1653 1693 quod
1691 1620 1816 1675 sine
1845 1622 2115 1676 examine
2144 1640 2271 1695 spe-

142 1718 440 1774 ciminum
462 1715 842 1792 originalium
873 1714 1211 1792 dijudicare
1239 1737 1349 1773 nec
1384 1736 1707 1792 nequeam,
1737 1738 1846 1776 nec
1866 1722 2081 1776 ausim.
2114 1720 2269 1777 Nos-

141 1828 298 1875 tram
349 1827 553 1874 autem
601 1816 819 1893 plantae
859 1816 1223 1891 Bertolonii‚
1275 1816 1594 1893 Agarclhii‚
1641 1829 1699 1875 et
1739 1819 1925 1876 Florae
1973 1819 2272 1895 Caprariae

143 1922 470 1984 identicam
496 1940 619 1977 esse
645 1921 868 1977 scimus
891 1945 906 1988 3
934 1920 1096 1976 unde
1123 1920 1351 1995 generis
1380 1939 1622 1988 nomen,
1648 1920 1814 1993 quod
1842 1920 2064 1994 plantae
2090 1922 2272 1995 primi

144 2022 469 2078 inventoris
508 2019 777 2076 tribuere
817 2019 1004 2077 voluit
1051 2017 1171 2075 Cel.
1216 2017 1418 2095 Duby5
1451 2020 1703 2074 retinere
1745 2018 1959 2076 debere
2000 2021 2273 2076 credide-

144 2122 358 2178 rimus.
409 2154 490 2162 -—
529 2119 812 2176 Decaisne
853 2120 913 2175 in
952 2119 1360 2175 recentissimo
1395 2138 1576 2193 opere
1604 2118 1930 2175 Nemalion
1965 2119 2041 2175 ad
2083 2117 2273 2176 Chor—

145 2219 391 2277 darieas
415 2220 673 2277 relatum
711 2219 901 2276 voluit
925 2243 941 2290 3
969 2240 1035 2275 ex
1064 2219 1249 2275 modo
1285 2238 1408 2293 quo
1447 2218 1719 2275 fructum
1745 2221 2273 2295 interpretavimus

145 2322 373 2396 liquet,
420 2339 531 2376 cur
565 2319 712 2375 huic
751 2320 1023 2393 opinioni
1051 2318 1230 2374 hodie
1279 2319 1559 2375 assentire
1600 2340 1723 2375 non
1761 2323 2161 2396 potuerimus
2197 2354 2274 2363 —

149 2419 512 2496 Opinionem
564 2418 828 2494 denique
870 2418 1124 2475 illustris
1178 2419 1443 2475 auctoris
1484 2419 1666 2476 Florae
1709 2417 1920 2477 Moreae
1963 2418 2059 2496 (p.
2097 2417 2269 2498 525),

150 2538 398 2596 quoque
428 2517 639 2575 afferre
662 2518 854 2589 lubet,
891 2520 998 2593 qui
1018 2564 1031 2590 ,
1064 2516 1445 2593 Agardhium
1478 2537 1726 2592 carpens
1755 2517 1919 2593 quod
1948 2517 2274 2575 Nemalion

152 2618 539 2678 Chordarieis
596 2619 893 2692 attulerit,
940 2619 1016 2675 ad
1061 2615 1509 2695 Alcyonidizmz
1555 2617 1728 2673 illum
1776 2618 1899 2692 ipse
1947 2618 2141 2674 refert.
2216 2617 2274 2673 Si

149 2730 361 2778 auctor
414 2719 750 2794 specierum
800 2717 1082 2794 Algarum
1125 2719 1187 2773 in
1232 2714 1589 2773 Nemalione
1635 2717 2009 2792 disponendo
2060 2718 2274 2774 vitium

151 2821 551 2891 commiserit,
599 2820 716 2874 hoc
751 2817 910 2875 illius
942 2819 1231 2892 temporis
1269 2817 1344 2873 de
1375 2817 1662 2874 affinitate
1705 2818 1868 2874 idaeis
1902 2838 2041 2874 sane
2065 2821 2273 2894 ignos-

155 2918 458 2989 cendum,
518 2937 715 2993 quum
771 2919 961 2972 immo
1017 2915 1134 2972 Cel.
1195 2915 1478 2972 Decaisne
1528 2919 1589 2971 in
1637 2918 2041 2973 recentissimo
2097 2937 2275 2992 opere

154 3023 346 3096 ipsam
376 3019 538 3075 illam
573 3018 646 3073 de
672 3018 956 3073 affinitate
1000 3014 1376 3072 Nemcclionis
1410 3015 1607 3070 ideam
1649 3016 1961 3090 amplexus
2003 3026 2108 3072 cst.
2158 3016 2275 3071 Bo—

156 3141 338 3196 ryana
377 3129 582 3175 autem
621 3119 848 3193 opinio,
890 3127 946 3173 et
977 3117 1279 3172 recentius
1321 3114 1614 3191 professa,
1647 3126 1706 3172 ct
1749 3117 2019 3171 examine
2057 3115 2274 3190 plantae

157 3221 300 3276 vivae
328 3217 602 3288 fundata,
638 3217 833 3273 multo
865 3217 1051 3291 magis
1088 3215 1401 3291 singularis
1428 3212 1575 3271 mihi
1598 3204 1868 3282 videtur,>
1894 3233 2092 3289 quum
2123 3216 2276 3271 inter

158 3322 343 3378 nostri
371 3321 477 3376 aevi
494 3320 802 3375 botanicos
829 3319 965 3374 satis
992 3326 1229 3375 constat
1256 3313 1660 3394 Alcyom‘clc'a,
1702 3316 1925 3391 quibus
1954 3313 2275 3371 Nemalion

160 3420 522 3477 adnumerat
566 3418 738 3494 Bory,
787 3438 861 3472 ne
903 3417 1133 3492 plantas
1181 3416 1430 3492 quidem
1476 3435 1628 3486 esse,
1664 3416 1761 3472 sed
1814 3435 1994 3491 regno
2031 3414 2271 3470 animali

160 3521 474 3594 pertinere.
525 3514 966 3595 Alcyoniclc'um
1009 3515 1349 3595 defractum
1393 3537 1461 3572 ex
1509 3515 1777 3594 Λμζγςία
1814 3517 2100 3570 omissum
2148 3514 2271 3588 ipse

161 3620 317 3689 vidi3
364 3628 421 3673 et
467 3615 908 3698 Alcyonz'dium
950 3615 1327 3695 cliczplzcznam
1375 3636 1495 3673 esse
1544 3617 1920 3692 productum
1976 3612 2263 3682 animale,

165 3714 531 3791 jamdudum
566 3717 737 3774 innot
788 3716 848 3773 ui
