2508 4022
1060 197 1421 255 -121-

173 327 555 384 constituunt
586 333 728 381 sunt
760 322 1145 380 interioribus
1182 324 1344 382 tubis
1375 321 1570 380 multo
1596 325 1880 396 minores,
1909 325 2071 383 unde
2109 324 2275 385 frons

173 446 242 482 ex
272 423 589 502 superficie
614 426 732 482 visa
760 421 1066 480 reticulata
1091 434 1343 500 apparet
1361 433 1419 481 et
1454 424 1740 482 continua
1770 425 1991 482 dicitur
2030 424 2275 503 (Tribus

172 525 328 604 4-5).
366 525 734 600 Plerumque
775 525 836 579 in
891 523 1167 579 inferiore
1220 533 1462 581 tantum
1510 522 1714 597 planta
1772 523 1901 579 talis
1948 525 2276 600 siphonum

173 625 499 684 subdivisio
541 623 820 691 efficitur,
863 622 1025 678 unde
1053 623 1115 678 in
1157 621 1571 699 superioribus
1611 624 1792 679 ramis
1842 624 1954 698 ipsi
1998 624 2279 699 siphones

171 725 533 803 peripherici
569 734 710 782 sunt
743 733 817 790 et,
850 743 918 777 ex
960 721 1277 799 superficie
1313 723 1439 792 visi,
1476 721 1771 798 regulares
1812 733 2130 798 apparent3
2180 724 2282 781 sed

172 826 497 901 aliquando
520 830 539 894 ζ
545 828 604 882 in
637 830 705 882 P.
726 820 1155 901 sabeontc'naa)
1195 843 1389 899 usque
1430 823 1488 879 in
1523 823 1763 879 ultimos
1792 821 2056 879 ramulos
2089 825 2282 880 conti-

172 936 398 982 nuatur
440 925 766 982 subdivisio
805 923 1103 980 tuborum
1132 934 1190 980 et
1232 922 1469 980 articuli
1495 944 1564 981 ex
1604 921 1921 1000 superficie
1946 923 2053 979 visi
2077 942 2284 998 aspec-

173 1036 307 1083 tum
348 1025 845 1101 polysiphonium
888 1033 1227 1091 assumunt,
1264 1022 1400 1083 licet
1438 1023 1817 1099 principales,
1865 1021 2089 1098 quibus
2126 1033 2284 1080 exte-

174 1127 358 1182 riores
405 1127 520 1182 orti
576 1135 753 1196 sunt,
810 1142 1010 1179 revera
1069 1140 1304 1197 semper
1351 1122 1521 1197 quini
1574 1132 1841 1179 manent.
1893 1156 1964 1164 ——
2015 1124 2083 1178 In
2142 1124 2286 1179 serie

173 1225 438 1282 secunda
480 1225 647 1282 adest
674 1223 865 1281 tubus
910 1222 1185 1280 centralis
1217 1219 1432 1296 major,
1467 1223 1625 1279 circa
1651 1243 1832 1301 quem
1857 1222 2132 1279 radiatim
2161 1223 2286 1281 dis-

173 1328 354 1401 positi
383 1335 525 1383 sunt
563 1324 857 1402 Siphones
889 1323 1364 1381 numerosissimi
1399 1323 1786 1403 (to-15-2o),
1813 1324 1918 1400 qui
1948 1326 2005 1380 in
2030 1325 2288 1381 sectione

173 1426 547 1484 transversali
565 1425 825 1482 formam
852 1424 1080 1481 habent
1100 1424 1739 1499 oblongo-obovatam,
1759 1425 1859 1482 sed
1879 1445 1947 1481 ex
1972 1424 2288 1500 superficie

172 1528 278 1584 visi
308 1526 619 1603 cylindrici
640 1535 932 1601 apparent
954 1535 1032 1595 et,
1065 1524 1360 1583 diametro
1383 1526 1636 1582 breviori
1666 1536 1907 1582 tantum
1930 1527 2282 1601 conspicuO,

173 1620 550 1704 angustisimi
581 1636 744 1697 sunt,
775 1637 959 1701 atque
992 1625 1074 1681 ita
1111 1635 1270 1682 arcte
1294 1626 1544 1682 invicem
1576 1625 1839 1702 adpressi
1876 1636 1946 1682 ut
1975 1626 2289 1682 interstitia

174 1728 430 1785 obscura
465 1729 600 1805 (nec
626 1728 774 1784 utin
812 1725 1204 1782 antecedente
1226 1727 1373 1782 serie
1406 1724 1672 1803 hyalina)
1695 1726 2045 1783 obveniunt·
2079 1724 2289 1794 Quum

173 1830 421 1905 insuper
463 1831 576 1904 ipsi
634 1827 916 1904 siphones
968 1824 1381 1883 obscurissimi
1419 1836 1560 1884 sunt
1607 1826 1936 1883 translucet
1975 1826 2038 1881 in
2090 1826 2290 1882 medio

176 1930 363 1987 tubus
404 1928 680 1986 centralis
726 1927 895 1984 nulla
934 1927 1185 1984 materia
1230 1926 1512 2000 replemS,
1558 1928 1723 1983 unde
1776 1926 2018 1983 frondes
2071 1927 2292 1984 harum

175 2032 512 2108 specierum
560 2031 732 2106 quasi
767 2027 923 2084 linea
966 2027 1203 2105 hyalina
1242 2025 1662 2102 longitudinali
1700 2035 1961 2096 notatae,
1998 2026 2110 2083 sub
2139 2026 2294 2082 lente

173 2142 481 2211 apparent.
511 2130 804 2206 Siphones
834 2131 953 2186 fere
985 2147 1217 2204 semper
1270 2126 1506 2182 indivisi
1549 2135 1793 2181 manent
1818 2136 1877 2182 et
1904 2124 2290 2202 peripherici‚

178 2231 341 2288 unde
364 2233 427 2288 in
445 2231 622 2306 longe
650 2230 927 2306 plurimis
947 2227 1262 2303 speciebus
1286 2214 1409 2282 tota
1432 2225 1596 2282 frons
1618 2226 1931 2297 articulata
1954 2235 2061 2295 est,
2087 2225 2294 2301 sipho-

174 2332 480 2406 nibusque
536 2328 915 2406 regularibus
974 2323 1460 2402 superficialibus
1526 2345 1809 2399 percursa
1881 2322 2126 2401 (Tribus
2187 2324 2293 2401 6-7

175 2449 233 2493 et
253 2456 339 2513 sp.
377 2445 617 2492 extran.
654 2456 666 2490 :
690 2439 762 2502 P,
783 2435 1145 2511 nigrescens,
1172 2433 1241 2492 P,
1253 2424 1607 2505 fastigiata,
1637 2430 1706 2482 P.
1724 2423 2142 2505 Agarclliiana
2160 2427 2297 2505 ete.)

176 2538 368 2594 rarius
385 2534 743 2593 dividuntur
759 2533 1053 2609 Siphones
1071 2540 1128 2586 et
1142 2540 1326 2586 strato
1342 2528 1613 2583 exteriori
1630 2527 1896 2582 celularu
1909 2548 1964 2582 m
1984 2528 2294 2583 minorum

178 2638 640 2695 circumdantur
668 2646 724 2692 et
758 2636 921 2691 frons
951 2644 1098 2690 tunc
1133 2630 1419 2685 continua
1460 2638 1709 2702 apparet
1756 2625 1847 2702 (P.
1886 2624 2179 2705 W‘alfeni,
2223 2632 2293 2684 P.

179 2736 591 2816 complanata)
625 2769 700 2778 —
737 2733 995 2790 Tribuni
1023 2740 1248 2788 sextam
1292 2750 1324 2783 a
1372 2729 1594 2784 caeteris
1630 2726 1907 2783 facillime
1949 2727 2293 2784 distinctam

185 2848 237 2894 2⁶
268 2839 435 2895 seriei
459 2837 871 2905 adnumeravi,
897 2834 1032 2889 licet
1056 2829 1337 2887 articulos
1355 2830 1778 2904 paucivenosos
1802 2828 2115 2903 speciebus
2136 2826 2293 2884 illius

182 2939 455 2995 tribuant
485 2947 790 3003 auctores;
826 2943 1130 3010 quantum
1157 2951 1225 2986 ex
1258 2927 1547 2984 exsiccata
1570 2927 1766 2983 videre
1791 2927 1929 2984 licet
1960 2938 2102 2984 sunt
2122 2927 2298 3004 poly-

183 3039 445 3114 siphonii
465 3048 522 3094 et
539 3038 785 3093 omnino
802 3045 1122 3092 structurae
1141 3032 1479 3108 specierum
1505 3030 1788 3088 secundae
1811 3031 2296 3090 seriei.Possibile

183 3140 369 3194 immo
392 3136 563 3206 foret,
600 3138 757 3194 hanc
779 3135 1010 3193 tribum
1057 3155 1090 3189 a
1126 3152 1339 3210 genere
1374 3134 1667 3189 removeri
1689 3143 1746 3189 et
1774 3133 1848 3189 ad
1885 3131 2297 3213 Ryciphloeam,

186 3239 487 3294 transferri
546 3238 801 3306 debere,
853 3236 954 3293 sed
1002 3235 1193 3290 donec
1235 3232 1659 3308 sphaerosporae
1715 3234 2113 3312 deteguntur,
2162 3254 2295 3310 quae

186 3349 486 3414 quantuni
522 3338 658 3393 novi
681 3339 738 3392 in
769 3337 936 3393 nulla
970 3335 1050 3392 ill.
1089 3355 1157 3392 us
1187 3338 1378 3411 specie
1425 3337 1745 3396 observatae
1785 3340 2053 3408 fuerunt,
2076 3339 2190 3394 hoc
2234 3339 2294 3395 in

186 3439 385 3494 medio
411 3437 749 3513 relinquere
773 3457 970 3514 cogor.

270 3537 356 3594 Ad
382 3537 754 3594 characteres
774 3531 957 3616 supra
979 3539 1185 3596 allatos
1205 3538 1472 3595 duarum
1496 3542 1785 3597 serierum
1811 3549 1980 3595 notas
2002 3537 2296 3614 quasdam

188 3639 524 3696 habituales
554 3639 775 3696 addere
795 3640 984 3698 liceat.
1014 3640 1245 3716 Species
1279 3640 1555 3696 secundae
1583 3641 1747 3697 seriei
1767 3647 1906 3695 sunt
1930 3639 1991 3693 in
2014 3638 2142 3694 vivo
2168 3638 2297 3713 ple-

187 3758 453 3815 rumque
466 3741 1035 3815 atropurpureaexel
1051 3740 1337 3810 olivaceae,
1354 3742 1564 3817 saepius
1580 3741 1872 3818 parasitae,
1890 3738 2294 3817 rigidiusculae
