2508 4022
1105 238 1428 294 ...57—

215 379 608 448 augmentum
631 365 859 423 frondis
880 364 1327 441 periphericum
1351 361 1420 419 fit
1439 363 1499 418 in
1523 363 1613 421 his
1637 365 2115 424 intrautriculari
2140 364 2317 423 cellu-

217 470 412 528 larum
458 466 831 523 formatione.
880 461 1125 520 Constat
1182 482 1401 539 nempe
1438 462 1603 518 frons
1645 464 1879 522 cellulis
1930 464 2318 542 periphericis

215 567 442 644 magnis
461 610 476 636 ‚
510 564 788 640 pluribus
814 563 968 619 circa
990 562 1265 619 cellulam
1292 561 1667 619 consimilem
1698 565 1973 621 radiatim
1998 565 2316 641 dispositis.

215 666 457 724 Cellulae
486 667 606 723 istae
628 663 868 721 radiatae
891 662 950 717 in
976 661 1179 718 multis
1203 659 1516 737 speciebus
1542 661 2095 719 intus-formatione
2126 663 2319 721 cellu—

212 766 408 828 larum
439 782 732 821 novarum
771 762 1060 818 continuo
1087 771 1456 837 praegnantes
1482 769 1664 831 sunt3
1696 758 1961 835 juniores
2000 762 2226 821 cellulae
2258 763 2316 818 in

212 866 460 922 cavitate
499 863 871 920 adultiorum
911 862 1182 918 formatae
1211 878 1448 934 semper
1473 868 1794 915 externum
1836 878 1939 914 seu
1986 861 2321 936 peripheri-

212 983 350 1020 cum
373 963 527 1020 latus
552 971 885 1038 occupant;
911 970 968 1016 et
985 961 1151 1015 novis
1174 955 1399 1014 cellulis
1421 958 1716 1014 continuo
1739 956 2032 1028 formatis,
2055 955 2319 1033 juniores

207 1073 502 1139 generatae
543 1060 767 1119 cellulae
797 1070 967 1116 antea
1004 1059 1286 1114 formatas
1324 1076 1525 1114 versus
1574 1057 1979 1134 peripheriam
2028 1059 2318 1116 continuo

207 1172 451 1238 cogunt.
496 1161 623 1218 Hoc
658 1160 842 1216 modo
874 1167 1016 1215 sunt
1040 1174 1274 1230 semper
1311 1157 1717 1214 recentissime
1754 1155 2024 1215 formatae
2051 1157 2277 1217 cellulae
2300 1203 2315 1230 ,

209 1281 348 1338 quae
379 1262 636 1319 radiatas
673 1260 1018 1317 immediate
1054 1268 1347 1335 tangunt:
1387 1267 1446 1314 et
1482 1255 1652 1315 facile
1681 1259 1761 1315 ita
1786 1257 2119 1334 explicatur
2150 1259 2320 1315 fron-

205 1361 346 1418 dem
394 1361 561 1418 initio
591 1359 965 1417 articulatam
996 1360 1212 1416 sensim
1249 1356 1604 1414 cellularum
1634 1367 1817 1415 strato
1858 1357 2170 1434 irregulari
2204 1358 2322 1414 cir-

205 1460 512 1532 cumdari,
543 1471 599 1517 et
624 1461 883 1537 speciem
930 1459 1157 1515 frondis
1203 1456 1598 1514 inarticulatae
1631 1456 1802 1514 indui
1827 1477 1997 1533 posse
2037 1456 2143 1536 (ita
2171 1458 2321 1514 infe-

206 1562 327 1618 rior
354 1581 490 1637 pars
512 1558 784 1637 plurium
805 1559 1137 1634 specierum
1154 1555 1631 1637 Polysiphonioe‚
1663 1568 1724 1614 et
1746 1558 1802 1614 in
1828 1559 2088 1634 generali
2111 1577 2320 1616 omnes

204 1660 447 1717 frondes
476 1662 716 1738 «Spurie
738 1657 1132 1716 articulatae»
1152 1658 1345 1728 dictae,
1368 1668 1510 1714 ortae
1531 1667 1672 1714 sunt
1686 1657 1930 1728 3eodem
1954 1658 2137 1714 modo
2163 1677 2320 1734 quo-

207 1779 326 1834 que
374 1769 773 1835 augmentum
825 1756 1177 1816 cellularum
1237 1759 1298 1813 in
1341 1759 1684 1815 Laurencia
1731 1755 1859 1813 fieri
1909 1754 2314 1835 putaverim).

204 1859 439 1934 Duplex
476 1860 681 1934 itaque
721 1856 948 1915 frondis
990 1858 1359 1914 increscendi
1385 1857 1635 1927 modus,
1667 1854 2079 1914 Rhodomeleis
2115 1855 2319 1914 Chon-

203 1957 503 2040 drieisque
523 1959 951 2036 vegetationem
997 1957 1259 2016 vindicat
1297 1955 1957 2016 terminali-centralem
1988 1976 2095 2014 seu
2131 1955 2319 2015 endo-

198 2075 472 2135 geneam.
2290 2125 2303 2132 ἢ

282 2159 351 2215 In
391 2157 772 2216 Delesserieis
805 2169 863 2216 et
902 2155 1464 2238 Sphoerococcoidez's
1499 2168 1763 2235 utroque
1791 2158 1975 2216 modo
2016 2157 2100 2238 (et
2140 2159 2318 2215 intra-

202 2256 514 2316 utriculari
535 2269 592 2315 et
613 2258 1111 2333 suprautriculari
1134 2257 1519 2337 formatione)
1533 2258 1758 2317 cellulae
1780 2260 1985 2336 augeri
2008 2258 2310 2316 videntur.

284 2355 559 2426 Cellulas,
578 2378 683 2415 seu
713 2355 831 2427 fila,
858 2359 1023 2414 strati
1048 2359 1343 2415 interioris
1365 2357 1679 2415 frondium
1700 2357 2030 2415 directione
2051 2358 2319 2435 longitu-

199 2455 385 2512 dinali
425 2454 556 2535 (seu
587 2455 872 2532 verticali)
895 2477 1208 2515 excurrere
1231 2457 1370 2513 dixi.
1401 2456 1514 2513 Sed
1554 2458 1665 2513 alia
1702 2476 1953 2533 quoque
1988 2458 2317 2516 directione

199 2556 300 2613 hic
332 2554 581 2613 filorum
613 2555 905 2612 verticalis
929 2557 1219 2613 decursus
1244 2556 1579 2614 combinari
1604 2557 1752 2614 mihi
1775 2559 1932 2616 visus
1956 2568 2042 2614 est
2066 2577 2080 2628 3
2106 2559 2314 2614 eadem

199 2656 361 2712 enim
383 2656 685 2712 tendentia
713 2655 966 2731 spiralis,
995 2674 1130 2730 quae
1154 2656 1210 2710 in
1235 2656 1561 2713 directione
1581 2655 1880 2714 fibrarum
1905 2658 2093 2732 ipsam
2120 2677 2317 2714 mem·-

198 2755 450 2811 branam
476 2755 700 2812 cellulae
729 2755 1230 2812 constituentium
1253 2755 1709 2813 determinanda
1737 2757 1926 2814 valida
1950 2768 2061 2826 est,
2103 2757 2312 2814 eadem

201 2873 449 2930 quoque
491 2853 770 2911 influenti
808 2855 863 2911 vi
903 2853 1003 2910 fila
1034 2852 1163 2933 (seu
1191 2855 1456 2933 cellulas)
1484 2858 1544 2913 in
1586 2857 1826 2932 spirales
1848 2903 1862 2928 ,
1890 2857 1988 2914 sed
2024 2859 2315 2913 maximo-

196 2975 338 3030 pere
361 2955 538 3024 laxas,
559 2974 766 3031 cogere
788 2954 937 3011 mihi
960 2957 1259 3031 apparuit.
1277 2955 1364 3012 Ita
1390 2955 1487 3012 fila
1512 2959 1791 3014 interiora
1819 2960 1876 3015 in
1903 2956 2259 3038 Polyide,ut
2281 2979 2313 3013 a

196 3054 534 3129 peripheria
548 3055 844 3110 arcuatim
862 3073 1064 3111 versus
1079 3065 1358 3112 centrum
1373 3057 1772 3128 descendunt,
1796 3058 2005 3134 ibique
2027 3079 2170 3115 cum
2188 3057 2313 3114 aliis

196 3163 697 3229 contorquentur,
728 3153 1005 3229 spiralem
1034 3156 1203 3229 sequi
1234 3155 1646 3226 directionem,
1680 3157 1878 3214 videre
1917 3157 2163 3214 credidi.
2197 3157 2307 3213 Sed

196 3252 499 3327 praecipue
528 3252 586 3308 in
617 3250 1062 3332 Polysiphonia
1092 3253 1504 3311 manifestatur
1529 3255 1836 3329 tendentia
1879 3256 2008 3316 haec
2047 3255 2309 3332 spiralis3

197 3350 374 3406 series
397 3370 615 3426 nempe
638 3350 1099 3430 longitudinales
1120 3352 1480 3428 Sipbonum‚
1497 3356 1603 3431 qui
1623 3356 1862 3413 frondes
1881 3356 2063 3432 hujus
2079 3354 2307 3431 generis

196 3449 598 3519 constituunt,
626 3451 683 3507 in
712 3452 954 3526 spirales
978 3452 1114 3527 plus
1137 3453 1336 3509 minus
1361 3454 1515 3511 laxas
1541 3455 1843 3512 evidenter
1871 3456 2222 3522 flectuntur3
2247 3455 2306 3509 in

195 3546 501 3604 nonnullis
525 3548 838 3624 speciebus
862 3551 1037 3626 spirae
1055 3550 1262 3607 multis
1279 3555 1540 3611 articulis
1562 3556 1860 3633 percursis
1885 3564 2124 3609 tantum
2150 3574 2307 3610 com-

194 3645 466 3719 plentur,
496 3648 557 3702 in
580 3647 705 3703 aliis
735 3648 965 3724 singulo
996 3648 1085 3705 vel
1109 3647 1353 3706 duobus
1383 3653 1647 3710 articulis
1670 3652 1787 3728 jam
1831 3653 2143 3728 completae
2182 3652 2293 3733 (ex.

197 3764 280 3820 gr.
303 3749 372 3801 P.
395 3744 812 3824 Agardhicma
835 3749 1219 3828 Grev.).—Ut
1243 3752 1456 3826 positio
1480 3772 1844 3828 organorum
1863 3754 2224 3810 exteriorum
2249 3765 2305 3810 et

194 3844 758 3918 appendicularium
801 3868 833 3904 a
873 3849 1262 3925 dispositione
1295 3853 1558 3925 partium
1594 3852 1946 3909 interiorum
1983 3853 2305 3910 necessarie
