2508 4022
1088 238 1401 290 -65-

204 354 391 408 immo
419 353 476 408 in
518 349 627 408 Ph.
662 347 935 407 Brodioei
956 349 1322 408 ncmathecia
1357 372 1389 407 a
1434 352 1626 408 forma
1670 354 1959 429 sphaerica
2011 358 2072 413 in
2109 357 2298 434 cylin-

203 450 432 507 dricam
479 451 697 507 sensim
737 450 902 507 abire
952 459 1010 505 et
1048 449 1311 527 denique
1357 453 1638 509 frondem
1682 457 2045 514 constituere
2084 479 2299 515 novam

203 550 328 625 ipse
369 548 522 619 vidi,
564 559 623 605 et
659 547 1034 605 nemathecia
1072 550 1131 604 in
1183 552 1407 609 caeteris
1452 553 1763 626 speciebus
1802 556 2013 612 eodem
2055 558 2186 614 loco
2235 579 2303 614 ac

202 646 666 724 prolificationes
690 647 1099 723 provenientia
1118 694 1133 720 ,
1162 651 1418 707 similem
1453 652 1522 706 iis
1551 652 1863 708 crescendi
1885 656 2140 712 modum
2168 677 2305 712 sua—

201 749 365 805 dent.
412 745 553 803 Haec
594 758 799 804 autem
846 768 1065 804 novam
1107 750 1337 825 prolem
1377 749 1737 824 procreandi
1765 752 1876 818 viS‚
1905 772 2060 808 cum
2086 758 2306 831 germi-

199 849 438 905 natione
466 849 707 924 proprie
741 849 824 905 sic
849 847 1010 906 dicta
1037 869 1352 926 sporarum
1380 849 1738 926 neutiquam
1767 854 2174 924 comparanda
2193 842 2298 910 est.

201 945 275 1002 Ut
312 948 375 1002 in
419 947 625 1004 multis
665 947 883 1022 plantis
933 949 1347 1025 superioribus
1403 970 1662 1026 gemmae
1681 994 1696 1020 ,
1752 952 1832 1007 ita
1888 963 2030 1008 sunt
2087 974 2305 1030 organa

200 1064 362 1101 mera
387 1055 557 1102 extus
581 1044 925 1102 evolutione
951 1055 1143 1102 creata
1162 1091 1178 1118 ‚
1220 1066 1488 1123 quorum
1525 1049 1795 1105 ulteriori
1832 1050 2172 1108 evolutione
2199 1075 2308 1109 no-

198 1163 342 1200 vum
370 1154 725 1219 procreatur
750 1143 1158 1202 individuum.

279 1242 346 1298 In
364 1243 517 1320 Algis
534 1242 1096 1320 BritanniciS‚opere
1110 1245 1326 1302 eximio
1340 1245 1812 1324 Grevilleano(p.
1837 1268 1857 1305 1
1880 1250 2125 1319 10‚Tab.
2149 1250 2305 1322 XXI,

197 1342 234 1398 f.
270 1341 333 1420 9)
359 1361 576 1418 organa
604 1341 887 1418 quaedam
924 1342 1356 1404 describuntur
1380 1350 1746 1404 Laurencioe
1780 1349 2201 1428 pinnatifidoe„
2250 1355 2309 1408 in

195 1444 476 1500 interiore
494 1443 740 1517 capsula
760 1443 1017 1512 inventa,
1036 1443 1112 1499 de
1132 1463 1397 1520 quorum
1424 1458 1639 1504 natura
1654 1458 1860 1504 autem
1882 1449 2044 1506 nulla
2065 1450 2313 1507 ulterior

198 1542 379 1598 datur
437 1544 660 1617 opinio,
729 1541 884 1599 Sunt
927 1545 1289 1617 corpuscula
1332 1545 1727 1622 cylindracea‚
1778 1548 2009 1605 cellulis
2055 1549 2312 1625 hyalinis

197 1642 616 1698 minutissimis
641 1640 1181 1717 granuliformibus
1210 1645 1346 1701 axin
1386 1647 1711 1703 centralem
1761 1647 2103 1723 tegentibus
2138 1669 2316 1706 cons-

197 1743 399 1798 tantia.
436 1741 569 1816 Ipse
593 1743 655 1798 in
695 1742 900 1817 planta
930 1743 1107 1799 citata
1147 1745 1358 1801 eadem
1397 1746 1622 1815 inveni,
1659 1757 1717 1803 et
1755 1747 2005 1822 quidem
2043 1749 2313 1805 antheri-

196 1843 309 1898 diis
350 1842 431 1897 sic
459 1841 634 1897 dictis
674 1839 1132 1920 Polysiphonioe
1167 1844 1414 1920 analoga
1443 1848 1798 1920 putaverim.
1834 1846 1974 1924 Haec
2007 1847 2068 1903 in
2105 1850 2313 1924 paucis

196 1940 509 2017 speciebus
535 1951 707 1997 antea
746 1952 986 1999 tantum
1012 1942 1253 1999 inventa
1275 1989 1291 2015 ‚
1320 1944 1449 2020 ipse
1471 1944 1532 1999 in
1561 1945 1877 2019 permultis
1905 1946 2310 2024 deprehendi,

194 2056 253 2101 ct
276 2043 523 2119 quidem
548 2045 729 2101 etiam
756 2045 815 2100 in
838 2044 963 2101 aliis
980 2043 1397 2103 Ceramiorum
1418 2043 1764 2119 generibus.
1789 2045 1858 2100 In
1879 2043 2316 2123 Polysiplzonia

200 2144 560 2219 plerumque
584 2144 937 2220 pedicellata
973 2157 1150 2216 sunt,
1194 2158 1253 2203 et
1303 2145 1380 2201 ad
1419 2145 1616 2220 apices
1648 2146 2033 2202 ramulorum
2075 2157 2316 2204 externe

194 2243 480 2318 disposita
501 2268 516 2315 3
566 2245 626 2299 in
653 2242 1085 2303 Callithamnio
1113 2244 1396 2324 plzcmzcla
1428 2245 1500 2300 ad
1539 2244 1696 2301 latus
1732 2245 2041 2302 internum
2083 2247 2316 2324 pinnu—

198 2343 394 2399 larum
415 2388 429 2413 ,
467 2364 498 2398 e
535 2344 813 2419 geniculo
853 2341 972 2401 fere
1000 2365 1252 2422 quoque
1280 2343 1642 2420 egredientia
1672 2343 2050 2419 pyramidata
2076 2345 2316 2401 subses-

197 2443 358 2513 silia3
401 2445 461 2498 in
513 2442 862 2520 Griffitlzsia
900 2457 1139 2502 setacea
1181 2455 1239 2502 et
1303 2447 1411 2502 Gr.
1464 2440 1876 2520 secundiflora
1921 2464 1991 2499 ex
2037 2445 2314 2501 interiore

197 2542 571 2599 ramulorum
602 2543 895 2600 involucri
928 2564 1281 2612 numerosa,
1316 2542 2038 2619 elongato-pyramidata‚
2082 2546 2143 2600 in
2181 2564 2316 2599 om-

196 2643 379 2699 nibus
416 2643 626 2699 eodem
659 2643 844 2700 modo
875 2643 934 2699 h.
963 2665 1014 2700 e.
1045 2643 1159 2701 filis
1183 2641 1540 2700 abbreviatis
1567 2641 1802 2698 clavatis
1839 2641 1914 2697 ab
1948 2644 2039 2697 axi
2075 2643 2316 2698 radian-

197 2742 359 2798 tibus
399 2752 763 2799 constructa.
801 2742 1156 2821 Lyngbyeus
1201 2742 1432 2819 singula
1458 2742 1579 2798 fere
1603 2740 2011 2798 observatione
2052 2742 2308 2816 ductuS‚

196 2842 325 2898 haec
366 2862 586 2918 organa
630 2843 708 2899 ad
756 2861 1012 2918 regnum
1057 2844 1312 2900 animale
1352 2842 1650 2918 pertinere
1700 2840 2021 2898 declaravit
2070 2841 2304 2920 (Hydr.

192 2962 254 3018 p.
311 2962 326 2996 ι
351 2962 367 2995 1
385 2939 442 3017 2)
466 2962 479 3007 ς
514 2941 666 2997 mihi
684 2995 700 3024 9
725 2943 769 2998 si
796 2944 1103 3018 propriam
1131 2945 1484 3000 sententiam
1511 2942 1655 2996 dare
1680 2941 1852 2996 liceat
1872 2987 1886 3010 ‚
1914 2942 2119 2996 locum
2141 2988 2154 3009 ‚
2191 2961 2313 3017 quo

198 3044 257 3099 in
277 3043 564 3100 omnibus
586 3043 826 3119 plantiS‚
853 3044 913 3098 in
934 3044 1081 3119 quib
1093 3066 1158 3102 us
1181 3046 1306 3101 huc
1326 3062 1521 3118 usque
1543 3043 1966 3109 innotuerunt,
1991 3042 2314 3112 obveniant

199 3145 500 3219 praecipue
525 3144 951 3219 perpendenti,
973 3165 1164 3220 eaque
1190 3147 1247 3200 in
1276 3143 1486 3200 iisdem
1515 3141 1844 3197 individuis
1874 3162 1942 3196 ac
1975 3142 2312 3198 Keramidia

200 3241 287 3317 (in
309 3240 620 3320 Polysiplz.
646 3241 833 3321 hirta)
854 3266 877 3301 ἲ.
893 3245 1108 3321 ulgaris
1124 3245 1331 3299 formae
1347 3263 1467 3299 esse
1485 3243 1812 3313 observata,
1830 3244 1917 3299 vel
1942 3244 2000 3300 in
2021 3243 2146 3299 aliis
2171 3262 2312 3315 spo-

205 3362 413 3398 rarum
437 3342 644 3399 locum
665 3344 724 3399 in
748 3345 1028 3401 interiore
1052 3344 1312 3418 capsulae
1339 3355 1537 3399 tenere
1561 3343 1982 3419 consideranti,
2006 3341 2314 3399 verosimi-

202 3441 254 3497 le
273 3452 529 3517 apparet
545 3442 752 3498 cadem
771 3463 896 3501 esse
926 3444 1112 3522 (velut
1132 3463 1312 3518 supra
1328 3444 1401 3499 de
1423 3443 1812 3499 nematheciis
1828 3444 2111 3518 opinatus
2136 3439 2307 3516 sum)

204 3560 422 3617 organa
449 3542 881 3599 transformata
919 3542 1202 3600 normalis
1233 3542 1722 3600 fructificationis
1745 3588 1759 3612 ‚
1807 3561 1944 3617 quae
1971 3559 2149 3596 causa
2187 3559 2315 3615 qua

208 3641 349 3696 dam
379 3641 610 3717 ignota,
638 3642 828 3699 nimio
865 3644 1063 3701 forsan
1110 3662 1410 3699 succuum
1439 3662 1754 3710 succursu,
1792 3641 1864 3695 ad
1906 3639 2314 3696 luxuriantem

205 3740 605 3798 evolutionem
651 3740 770 3817 jam
804 3744 860 3798 in
892 3744 1090 3818 planta
1128 3741 1357 3799 matrici
1402 3743 1778 3816 perveniunt.

2053 3842 2076 3884 5
