2508 4022
1137 197 1454 250 —64—

261 326 584 382 continere.
618 321 779 377 Licet
812 322 1152 395 opinionem
1192 331 1368 377 tantae
1410 321 1804 388 auctoritatiS,
1831 320 2242 377 observatione
2272 333 2340 378 ut

261 425 492 480 videtur
521 419 859 487 fundatam,
903 419 1306 483 contradicere
1331 438 1454 473 non
1477 419 1732 475 audeam
1757 460 1772 486 ‚
1804 418 2118 492 saepissime
2142 429 2338 475 tamen

257 522 381 577 haec
424 538 641 594 organa
685 518 1041 575 examinasse
1081 527 1140 573 et
1170 537 1490 593 nunquam
1521 516 1823 573 divisionis
1861 515 2178 592 cujusdam
2215 537 2341 574 ves-

254 619 389 694 tigia
424 637 520 672 me
556 617 841 673 invenisse
878 615 1187 673 confiteor.
1232 614 1452 672 Contra
1495 616 1843 692 opinionem
1883 612 1997 670 Celi
2026 615 2342 692 Montagne

251 717 309 774 id
341 735 589 792 quoque
615 714 824 772 afferre
865 715 1020 784 licet,
1048 713 1213 791 quod
1254 714 1624 771 nemathecia
1651 733 1790 770 cum
1817 714 2020 771 fructu
2046 715 2342 790 capsulari

248 817 309 872 in
328 814 538 870 eodem
558 815 873 871 individuo
899 813 1079 870 semel
1104 832 1225 869 esse
1245 813 1480 868 inventa
1506 810 1708 890 (Grev.
1737 810 1885 891 Alg.
1919 816 2065 870 Brit.
2105 834 2163 891 p.
2213 813 2344 891 132)

248 924 305 970 et
333 914 579 976 illorum
622 911 924 969 crescendi
956 911 1211 968 modum
1252 931 1286 967 a
1322 911 1576 967 normali
1611 911 2163 987 sphaerosporarum
2204 931 2343 967 evo-

247 1011 490 1069 lutionis
534 1012 745 1068 ordine
786 1010 1077 1066 recedere.
1136 1007 1237 1067 His
1280 1009 1613 1067 rationibus
1652 1009 1895 1080 ductus,
1946 1009 2120 1066 aliam
2164 1010 2345 1086 expli-

246 1110 540 1167 cationem
578 1108 968 1166 nematheciis
990 1108 1375 1166 tribuendam
1410 1130 1532 1167 esse
1551 1155 1565 1180 ‚
1595 1131 1704 1167 nec
1730 1112 1902 1186 longe
1934 1110 2183 1185 petitam
2210 1111 2341 1166 dari

244 1230 448 1285 posse,
496 1209 860 1285 putaverim;
893 1208 1213 1265 sectionem
1254 1209 1413 1265 enim
1453 1208 1680 1266 frondis
1708 1206 2096 1288 capsulffieroe
2136 1207 2343 1265 Chon-

243 1308 335 1364 dri
370 1308 672 1383 Norvegici
713 1307 1083 1371 observanti,
1107 1317 1363 1365 stratum
1402 1309 1658 1365 exterius
1700 1309 1926 1365 frondis
1955 1307 2049 1385 (in
2087 1307 2267 1365 sterili
2310 1328 2341 1363 e

241 1408 466 1464 cellulis
495 1407 1026 1483 granuliformibus
1066 1405 1492 1484 constitutum)
1513 1427 1635 1463 esse
1662 1409 1722 1463 in
1747 1408 2081 1477 fructifera,
2123 1426 2340 1483 nempe

241 1508 309 1563 iis
350 1507 492 1563 locis
543 1525 678 1581 quae
725 1505 981 1580 capsulis
1031 1505 1395 1580 respondent
1442 1514 1500 1560 et
1532 1506 1837 1579 praecipue
1865 1506 2045 1562 unius
2092 1507 2339 1581 paginae,

239 1605 432 1661 multo
460 1606 642 1680 magis
665 1623 930 1659 crassum
953 1614 1009 1660 et
1033 1623 1232 1659 revera
1257 1601 1371 1659 filis
1393 1602 1906 1686 monilibformibus
1936 1605 2335 1661 constitutum

236 1702 570 1779 apparebit.
620 1701 676 1758 Si
732 1703 935 1778 itaque
986 1704 1114 1760 haec
1152 1700 1457 1758 filamenta
1511 1700 1774 1777 amplius
1832 1701 2037 1758 adhuc
2102 1701 2337 1758 evoluta

236 1800 332 1879 (et
387 1803 583 1858 forsan
628 1800 1065 1858 abortientibus
1133 1801 1320 1876 sporis
1374 1799 1649 1878 nutrita)
1702 1811 2032 1875 putamuS,
2090 1801 2335 1856 omnino

236 1911 604 1958 structuram
662 1900 1189 1957 Nematheciorutu
1252 1899 1631 1956 haberemus.
1689 1899 2073 1956 Nemathecia
2132 1900 2335 1976 itaque

234 2018 355 2056 esse
390 2019 607 2075 organa
644 1998 973 2055 luxurianti
1012 1999 1372 2074 vegetatione
1419 2018 1452 2053 a
1496 1998 1750 2055 normali
1778 1998 2088 2054 functione
2135 2019 2333 2055 aversa

231 2107 289 2154 et
329 2097 598 2175 partibus
640 2097 973 2153 accessoriis
1023 2096 1455 2176 (Pericarpio)
1499 2108 1620 2154 tota
1665 2099 1987 2156 constituta
2031 2101 2334 2157 existima-

228 2201 431 2257 verim.

309 2299 377 2355 In
417 2299 679 2356 favorem
726 2297 906 2374 hujus
951 2299 1249 2374 opinionis
1294 2300 1539 2374 insuper
1572 2297 1875 2355 afferenda
1916 2314 1930 2351 :
1980 2306 2030 2353 1⁰
2056 2297 2329 2354 Verrucae

226 2399 553 2474 spongiosae
585 2398 916 2474 fructigerae
951 2399 1011 2454 in
1054 2395 1307 2470 Polyide
1343 2413 1400 2454 et
1433 2400 1819 2477 Squamaria,
1862 2406 2164 2456 structura
2196 2416 2329 2451 om-

225 2497 366 2552 nino
412 2498 848 2567 convenienteS,
872 2497 1086 2553 eodem
1117 2497 1301 2553 modo
1338 2496 1677 2552 evolutione
1715 2494 2003 2570 peculiari
2034 2495 2197 2550 strati
2227 2513 2328 2548 ex-

223 2595 452 2652 terioris
488 2605 632 2652 ortae
657 2605 829 2663 sunt3
865 2605 922 2651 et
965 2596 1026 2651 in
1076 2596 1143 2652 iis
1194 2594 1429 2653 fructus
1468 2595 1625 2671 ipsos
1661 2595 2001 2669 provenire,
2046 2593 2325 2649 observa—

220 2695 378 2750 tione
402 2694 726 2768 probatum
779 2696 907 2750 erit.
958 2703 1015 2750 2⁰
1042 2696 1158 2751 Nec
1187 2694 1318 2752 talis
1346 2716 1379 2751 a
1404 2695 1646 2770 propria
1687 2693 2078 2749 destinatione
2119 2701 2323 2747 muta-

220 2793 425 2861 tioniS‚
448 2793 508 2848 in
553 2794 680 2849 aliis
716 2793 856 2870 algis
901 2793 1221 2850 desiderari
1268 2793 1549 2850 videntur
1583 2792 1893 2867 exempla3
1937 2792 1982 2847 si
2011 2792 2168 2846 enim
2197 2810 2321 2845 non

218 2891 385 2948 valde
425 2889 595 2948 fallor
636 2903 779 2949 sunt
810 2891 1077 2971 ejusdem
1113 2901 1344 2948 naturae
1383 2910 1623 2966 organa,
1678 2908 1944 2965 quorum
1989 2910 2129 2945 mox
2167 2889 2320 2944 infra

215 3010 407 3047 sermo
448 2991 576 3048 erit.
614 3024 688 3032 —
715 2989 773 3046 Si
804 2991 1007 3066 itaque
1045 2992 1170 3048 haec
1205 3000 1407 3047 nostra
1430 2989 1505 3044 de
1536 2999 1753 3045 natura
1797 2987 2316 3045 nematheciorum

214 3089 416 3162 opinio
461 3109 594 3146 vera
628 3091 737 3158 sit,
787 3088 948 3146 haud
990 3091 1216 3146 mirum
1259 3088 1306 3145 si
1345 3088 1406 3143 in
1445 3087 1655 3142 eodem
1697 3085 2004 3141 individuo
2044 3084 2314 3141 fructum

210 3186 598 3261 capsularum
646 3187 977 3244 normalem
1025 3208 1166 3245 cum
1220 3186 1605 3244 nematheciis
1658 3184 1912 3241 mixtum
1951 3185 2315 3252 invenimus;

208 3304 319 3341 nec
363 3284 731 3360 impossibile
766 3287 916 3342 foret
954 3286 1395 3362 sphaerosporas
1433 3286 1586 3341 inter
1627 3281 1727 3338 fila
1769 3282 2163 3352 nemathecii,
2213 3281 2313 3337 sed

208 3383 270 3437 in
314 3382 441 3439 aliis
471 3381 816 3452 individuis,
844 3381 1179 3442 nidulantes
1212 3384 1490 3442 obvenire
1515 3401 1682 3457 posse
1709 3402 1724 3452 ς
1752 3383 1845 3439 vix
1873 3391 2077 3437 autem
2111 3381 2171 3435 in
2216 3397 2314 3433 ar-

210 3480 407 3536 ticulis
453 3481 722 3556 ipsorum
767 3478 1010 3537 filorum
1055 3484 1491 3558 sphaerosporas
1530 3489 1694 3537 natas
1742 3488 2166 3555 exspectarem.
2193 3475 2310 3532 Nec

210 3577 598 3635 nematheciis
633 3577 770 3654 ipsis
795 3582 1234 3656 propagationis
1269 3581 1643 3640 functionem
1671 3580 1959 3655 denegare
1991 3575 2307 3644 voluerim3
