2508 4022
1082 227 1406 283 -59—

193 365 301 422 per
326 344 603 403 frondem
624 340 1065 400 inarticulatam
1088 362 1301 418 sparsae
1322 340 1910 422 (Splzaeroccoideae)‚
1929 352 2034 402 aut
2051 346 2114 401 in
2138 365 2300 404 soros

195 443 751 517 circumscriptione
770 440 1050 499 definitos
1089 441 1349 499 collectae
1369 439 1845 522 (Nitoplzyllum)
1865 455 1973 501 aut
1994 446 2055 500 in
2080 444 2304 521 Sporo-·

194 543 414 622 phyllis
453 543 711 617 propriis
752 549 1075 618 aggregatae
1124 539 1544 617 (Plocamium‚
1597 541 1943 613 Delesseria,
1997 542 2300 623 Solieria).

197 643 487 700 Constant
516 643 739 718 itaque,
758 640 1140 717 ubicumque
1163 642 1431 700 formatae
1451 642 1590 711 sint,
1615 661 1689 698 ex
1712 642 2063 699 membrana
2087 643 2303 701 ramuli

192 755 300 803 aut
359 743 588 802 cellulae
649 742 1188 801 transformatae—
1203 744 1596 822 perisporium
1657 740 1919 797 dicta—
1955 752 2013 797 et
2074 763 2143 798 ex
2198 763 2306 799 en-

193 844 587 901 dochromate
644 841 827 919 hujus
890 842 1178 919 sphaerico
1235 852 1341 899 aut
1397 839 1742 917 ellipsoideo
1763 884 1778 909 ‚
1834 841 2182 898 maturitate
2245 842 2305 899 in

193 962 397 1018 sporas
438 940 478 1013 4
503 943 711 1000 diviso·
738 941 878 998 Haec
901 942 1392 999 endochromatis
1422 940 1632 997 divisio
1660 948 1768 996 aut
1792 939 1873 995 ita
1899 937 1988 1008 fit,
2020 949 2090 995 ut
2128 939 2305 998 latera

192 1042 378 1118 partis
400 1041 699 1122 cujusque
735 1041 1030 1118 triangula
1053 1039 1337 1115 sphaerica
1369 1039 1627 1096 efficiant
1658 1036 2029 1118 (Delesseria,
2065 1038 2308 1117 Polysi-

188 1139 437 1220 phonia,
470 1138 837 1221 Grfffttlzsia‚
861 1150 999 1206 ete.,
1021 1136 1179 1217 etc.);
1207 1147 1315 1195 aut
1339 1138 1629 1196 dividitur
1651 1139 2066 1195 endochroma
2091 1138 2308 1196 oblon-

191 1241 718 1318 go-ellipsoideum
776 1240 973 1297 tribus
1028 1239 1197 1295 lineis
1253 1237 1746 1294 transversalibus
1770 1281 1786 1308 ‚
1845 1238 1927 1294 ita
1985 1248 2052 1294 ut
2113 1248 2310 1313 partes

191 1341 402 1399 mediae
428 1341 763 1412 discoideae,
793 1350 1074 1398 extremae
1113 1338 1833 1413 comico—hemisphaericae
1869 1337 2133 1394 evadunt
2164 1336 2312 1413 (Ca-

156 1520 158 1522 .
191 1441 441 1510 tenella,
485 1438 998 1521 Thamnophora)‚
1025 1451 1131 1498 aut
1165 1439 1431 1513 denique
1469 1438 1702 1515 singula
1752 1438 2124 1495 transversali
2161 1438 2315 1495 divi-

193 1543 386 1612 sione,
424 1552 594 1618 parte
616 1560 863 1617 quaque
885 1541 1200 1597 cruciatim
1229 1536 1744 1612 longitudinaliter
1766 1538 1951 1594 divisa
1975 1535 2316 1617 (Hypsaea,

193 1642 623 1723 Squamaria).
689 1643 809 1699 Hos
869 1641 1210 1698 differentes
1266 1635 1571 1693 divisionis
1616 1636 1827 1693 modos
1851 1659 1859 1662 -
1887 1637 2315 1712 appellavimus

191 1740 571 1821 (divisionem
598 1741 1059 1820 triangularem,
1083 1741 1145 1796 d.
1172 1749 1460 1796 zonatam
1479 1747 1538 1794 et
1568 1739 1630 1795 d.
1686 1738 2064 1818 cruciatam).
2089 1738 2315 1797 Oriun-

192 1850 297 1897 tur
329 1840 535 1916 itaque
559 1860 800 1916 semper
823 1859 1014 1916 sporae
1053 1860 1122 1896 ex
1148 1848 1442 1895 contentu
1481 1838 1713 1898 cellulae
1749 1840 1918 1897 initio
1961 1842 2306 1918 liquidiore,

194 1939 335 1997 dein
371 1937 1132 2016 granuloso-solidesccnte
1167 1939 1434 2016 denique
1468 1942 1818 2017 regulariter
1856 1945 1919 2000 in
1958 1956 2152 2021 partes
2183 1965 2318 2002 suas

193 2037 470 2096 definitas
499 2039 829 2109 dilabente3
870 2037 1014 2095 hinc
1051 2058 1256 2114 sporas
1287 2039 1453 2096 nulla
1488 2040 1845 2097 membrana
1883 2044 2161 2101 exteriori
2192 2044 2314 2101 cir-

193 2139 511 2196 cumdatas
549 2159 674 2196 esse
706 2138 916 2214 liquet,
945 2138 1046 2196 sed
1084 2138 1442 2197 cohaerentia
1481 2141 1746 2216 partium
1783 2143 1960 2200 unice
1992 2144 2314 2212 contineri;

193 2237 339 2295 hinc
371 2239 771 2315 germinantes
805 2239 923 2294 cito
969 2239 1030 2294 in
1063 2239 1325 2295 sormam
1364 2239 1723 2315 sphaericam
1760 2240 1941 2312 abire,
1978 2244 2066 2300 vel
2098 2244 2322 2320 germi-

194 2338 427 2394 nationi
460 2358 586 2394 non
607 2337 945 2396 faventibus
990 2337 1444 2396 conditionibus
1486 2341 1549 2396 in
1573 2351 1769 2416 partes
1806 2363 2162 2401 numerosas
2188 2344 2317 2402 dis-

195 2436 342 2494 solvi
387 2436 777 2494 observatum
821 2438 937 2495 fuit
963 2436 1070 2516 (1).
1115 2435 1288 2515 (Vide
1320 2442 1376 2497 J.
1407 2437 1510 2518 Ag.
1552 2438 1628 2497 de
1663 2436 1859 2499 Germ.
1898 2441 2028 2523 Alg.
2066 2447 2132 2501 in
2176 2443 2318 2502 Act.

194 2534 424 2614 Helm.)

253 2705 317 2762 (4)
350 2710 568 2762 Postquam
601 2708 811 2762 superiora
841 2708 924 2761 jam
956 2707 1192 2764 scripseram
1217 2709 1347 2752 Fasc.
1385 2710 1436 2754 V
1434 2711 1495 2754 II.
1532 2714 1676 2770 Grypt.
1704 2716 1854 2754 Franc.
1880 2713 2151 2754 Desmazierii
2186 2712 2322 2755 videre

196 2786 361 2838 contigit
377 2815 388 2833 ,
410 2785 481 2826 ubi
505 2799 529 2827 a
553 2787 639 2826 Cel.
663 2789 826 2827 Cronan
842 2784 1052 2842 opiniones
1075 2796 1232 2829 nostras
1256 2789 1306 2830 de
1326 2797 1470 2832 natura
1497 2804 1544 2832 ac
1563 2789 1841 2832 functionibus
1866 2791 2228 2848 sphaerosporarum
2252 2805 2321 2832 re·

193 2867 324 2920 jectas
349 2866 584 2907 invenimus.
618 2866 750 2907 Doleo
777 2865 886 2920 quod
916 2874 999 2908 tota
1025 2869 1144 2909 series
1171 2869 1525 2919 observationum,
1559 2883 1638 2924 qua
1659 2868 1744 2910 haec
1763 2877 1903 2911 contra
1923 2882 2055 2911 meam
2087 2869 2322 2910 seutentiam

198 2945 494 2999 argumentatio
529 2943 608 2984 niti
643 2944 802 2998 dicitur,
828 2957 912 2985 non
942 2946 1076 2987 locum
1095 2944 1246 2987 ibidem
1271 2945 1489 2989 invenerit.
1517 2950 1573 2987 Ut
1604 2947 1680 2997 sit,
1714 2947 1764 2988 ad
1796 2949 2003 3003 superiora
2032 2947 2186 2988 referre
2209 2947 2325 2988 nohis

196 3022 388 3073 sufficiat3
412 3022 577 3064 verbum
597 3031 727 3063 tamen
754 3022 906 3064 addere
931 3023 1056 3064 lubet.
1090 3025 1234 3066 Dicunt
1259 3026 1343 3066 Cel.
1374 3033 1558 3067 auctores
1588 3025 1882 3081 sphaerosporas
1910 3027 1949 3069 in
1968 3033 2105 3080 partes
2125 3039 2217 3066 suas
2238 3038 2322 3065 non

198 3099 351 3151 dilabi,
390 3101 463 3142 nisi
491 3100 731 3142 immaturas
763 3102 825 3141 vel
857 3110 1021 3142 externa
1050 3105 1087 3144 vi
1115 3101 1381 3156 perturbatas.
1406 3100 1539 3145 Nobis
1560 3102 1841 3158 sphaerosporae
1872 3103 2095 3144 immaturae
2122 3114 2323 3156 nunquam

198 3177 332 3218 divisae
351 3178 600 3223 obvenerunt
615 3211 626 3230 ,
654 3189 821 3220 maturae
843 3193 1024 3234 semper3
1049 3194 1124 3219 nec
1143 3178 1308 3219 difficile
1324 3179 1407 3220 hoc
1429 3181 1636 3235 probatur.
1664 3181 1891 3222 observent
1918 3195 2065 3238 precor
2084 3178 2322 3222 Stichidium

199 3253 489 3310 cujuscumque
515 3255 565 3296 sit
586 3258 722 3311 Algae-3
758 3255 988 3313 superiores
1012 3256 1059 3297 in
1079 3256 1152 3296 illo
1183 3256 1412 3297 nidulantes
1441 3255 1734 3312 sphaerosporae
1762 3255 1920 3297 minutae
1942 3265 2038 3297 sunt
2057 3264 2099 3297 et
2120 3253 2322 3301 indivisae3

200 3332 407 3390 inferiores
435 3335 587 3374 sensim
612 3335 807 3388 majores,
834 3333 980 3375 adultae
1003 3334 1147 3375 infimae
1169 3347 1332 3390 semper
1365 3333 1500 3376 divisae
1523 3334 1582 3387 (in
1605 3342 1741 3389 partes
1759 3333 1806 3388 4,
1832 3348 1910 3375 nee
1936 3334 1992 3386 3).
2016 3337 2061 3373 In
2087 3336 2224 3380 Dasya
2251 3344 2321 3371 seu

200 3423 347 3463 genere
370 3410 587 3452 Gailtonae
610 3414 768 3453 Crouan
793 3421 886 3453 sunt
906 3411 1094 3455 stichidia
1117 3410 1234 3452 initio
1256 3411 1541 3454 sublancoidea
1560 3431 1569 3464 ;
1597 3411 1879 3468 sphaerosporae
1902 3414 1941 3452 in
1956 3409 2206 3451 inferioribus
2226 3410 2320 3449 arti·

201 3489 297 3529 culis
319 3487 491 3530 stichidii
511 3490 678 3530 evolutae
711 3490 884 3545 primum
915 3489 1151 3542 elabuntur,
1178 3490 1403 3544 superiores
1423 3491 1567 3533 sensim
1588 3499 1836 3546 sequuntur,
1863 3490 2104 3530 increscente
2128 3486 2325 3528 continuo

202 3566 391 3608 stichidio
419 3575 460 3608 et
479 3580 654 3623 superne
682 3580 804 3608 novas
833 3566 1125 3623 sphaerosporas
1155 3575 1393 3620 generante,
1413 3576 1527 3623 parte
1549 3567 1740 3609 inferiore
1769 3576 1921 3611 vacuo3
1945 3570 2009 3603 est
2035 3562 2167 3615 itaque
2192 3560 2233 3600 in
2262 3560 2326 3601 his

201 3646 290 3686 visu
318 3644 547 3686 facillimum
571 3644 668 3699 quid
687 3646 735 3687 sit
761 3646 941 3700 juvenile
964 3647 1064 3702 quid
1083 3644 1260 3688 adultum
1274 3676 1286 3698 ,
1307 3653 1346 3686 et
1372 3659 1570 3700 nunquam
1593 3658 1676 3686 non
1712 3641 2011 3685 corroboratam
2031 3648 2206 3682 nostram
2229 3640 2320 3693 opi·

201 3721 363 3764 nionem
383 3722 474 3763 vidi.
