2508 4022
1110 198 1433 255 ...87-

217 339 276 384 et
322 324 812 386 Heteroclczdiam
838 323 1168 398 Decaisnei‚
1215 345 1401 402 genus
1447 325 1775 380 Nacearioe
1814 321 2164 398 proximum
2194 333 2252 379 et
2296 346 2329 380 a

216 427 584 507 Rytiplzloeis
645 428 818 503 longe
877 437 1182 482 remotum
1240 424 1616 481 crediderim.
1681 427 1992 482 Naccaria
2036 422 2237 480 differt
2297 446 2331 480 a

215 527 618 606 Dudresnaja
664 526 778 584 filis
817 525 1204 600 periphericis
1240 527 1300 582 in
1348 526 1560 583 fronde
1610 527 1890 601 primaria
1935 525 2009 581 ad
2065 531 2325 581 stratum

215 631 465 706 simplex
484 630 837 687 cellularum
853 628 1139 699 reductis,
1164 630 1435 706 ipsorum
1460 626 1707 684 filorum
1731 635 1966 697 natura,
1987 625 2327 683 fructibus—

214 750 334 807 que
361 741 600 787 tantum
629 732 690 787 in
717 729 962 786 ramulis
985 729 1107 785 sitis
1132 739 1189 786 et
1212 728 1628 798 subsolitariis,
1660 725 1813 783 dum
1832 725 1911 805 ¹in
1939 723 2327 803 Dudresnaja

213 850 318 906 per
340 841 528 888 totam
554 829 830 886 frondem
858 849 1058 905 sparsa
1082 831 1198 886 sint
1238 828 1536 885 favellidia
1558 838 1616 885 et
1645 845 1992 885 numerosa.

227 974 357 1051 167.
397 978 473 1030 N.
523 970 796 1052 Wigghii
835 971 1022 1029 Endl.
1051 971 1469 1052 (Choetosporcz
1492 975 1495 978 ’
1515 977 1598 1030 W
1593 970 1787 1052 igglzii
1808 971 1872 1026 A
1874 991 1935 1050 ge
1960 971 2060 1048 Sp.
2085 967 2232 1048 Alg.
2264 991 2328 1048 p.

292 1072 431 1145 ΜΩ,
466 1079 636 1133 Grec).
666 1072 815 1153 Alg.
840 1077 1000 1131 Brict
1032 1095 1109 1152 .p.
1145 1072 1277 1130 452.

276 1219 405 1268 Hab.
436 1236 461 1265 e
488 1219 800 1283 profundiori
827 1221 951 1264 mari
980 1219 1234 1278 rejectam,
1264 1234 1422 1281 prope
1448 1219 1693 1276 Nicaeam,
1723 1217 1772 1261 in
1797 1213 2158 1263 Mediterraneo
2180 1228 2334 1275 quan-

208 1313 314 1351 tum
337 1307 452 1351 novi
478 1307 669 1369 primus
697 1314 741 1352 et
770 1305 918 1364 solus,
954 1300 1073 1368 legit
1100 1305 1235 1352 Risso
1254 1301 1273 1350 l

822 1530 896 1565 LI.
942 1507 1333 1565 (}L‹·›1ocr,A1)1A
1369 1528 1508 1586 gen.
1560 1526 1692 1563 nov.

288 1700 470 1756 Frons
503 1701 876 1776 cylindracea
902 1699 1244 1775 gelatinosa‚
1282 1699 1511 1754 cellulis
1542 1696 1929 1753 interioribus
1967 1696 2326 1772 oblongati5‚

205 1810 512 1876 stratoque
560 1802 846 1855 exteriore
899 1799 1143 1855 filorum
1200 1799 1562 1853 articulato-
1584 1797 2093 1853 moniliformium
2144 1816 2328 1851 muco

203 1902 452 1956 omnino
480 1902 909 1955 immersorum
937 1902 1278 1956 constituta.
1306 1901 1559 1956 Fructus
1583 1900 1844 1973 duplex?
1875 1894 2226 1956 Favellidia
2252 1896 2326 1952 ad

203 2001 468 2057 ramulos
499 2000 755 2055 lateralia
785 2000 1132 2075 globosa.....
1169 1998 1614 2077 Sphoerosporoe
1622 2043 1710 2053 .....
1756 1998 1911 2074 Algae
1942 1998 2198 2053 minutae
2230 1997 2332 2052 lu—

201 2099 384 2156 bricae
401 2101 694 2156 coccineae
710 2098 1019 2155 filiformes
1046 2120 1219 2174 parce
1244 2100 1632 2167 dichotomae,
1653 2099 1833 2154 ramis
1850 2096 2326 2153 subdivaricatis.

282 2201 554 2257 Plantam
587 2220 887 2276 nusquam
920 2199 1069 2255 bene
1109 2200 1482 2258 referendam
1522 2211 1580 2255 et
1612 2208 1934 2255 structurae
1964 2196 2330 2253 characteri-

202 2301 320 2357 bus
352 2312 439 2358 sat
466 2301 759 2376 insignem
796 2301 1025 2375 proprii
1054 2301 1281 2376 generis
1315 2311 1524 2376 lypum
1558 2300 1925 2356 constituere
1954 2317 2157 2373 cogor,
2190 2297 2330 2354 licet

200 2401 435 2457 fructus
457 2400 724 2476 diagnosi
750 2400 1013 2457 nimium
1034 2400 1198 2456 brevi
1219 2410 1458 2456 tantum
1486 2399 1706 2475 cogniti
1732 2401 1870 2456 siut.
1896 2396 2325 2475 Dadresnajoe

204 2502 401 2557 forsan
439 2499 737 2574 proxima,
766 2510 826 2555 at
851 2498 965 2556 filis
993 2499 1378 2575 periphericis
1405 2501 1653 2555 omnino
1686 2519 1868 2555 muco
1908 2497 2188 2555 involutis
2230 2497 2327 2554 di-

198 2620 381 2657 versa.
410 2599 727 2674 specimen
759 2599 1140 2655 fructiferum
1175 2621 1297 2655 non
1330 2600 1403 2655 ad
1432 2620 1646 2656 manus
1678 2599 1900 2655 habere
1927 2599 2128 2673 dole0,
2161 2598 2325 2657 unde

197 2701 436 2758 fructus
463 2699 748 2755 fusiorem
779 2697 1042 2774 analysin
1071 2701 1130 2755 in
1159 2710 1471 2774 posterum
1496 2700 1736 2759 differre
1763 2711 2008 2757 coactus
2035 2720 2196 2756 sum.

210 2799 335 2858 168.
386 2798 489 2858 Gl.
509 2795 782 2878 furcata
809 2795 948 2856 nob.
989 2797 1298 2856 Chondria
1301 2797 1572 2878 furcata
1601 2801 1726 2880 Ag.
1751 2798 1940 2879 Achz.
1973 2822 2032 2857 n.
2060 2800 2158 2877 [29.

268 2945 402 2995 Hah.
430 2946 479 2992 in
503 2943 622 3005 Sph.
655 2943 798 3004 bifido
822 2947 1125 3009 parasitans;
1157 2946 1214 2993 ad
1242 2948 1430 2994 Trieste
1457 2946 1575 3010 legit
1598 2943 1654 2995 C.
1686 2947 1884 3011 Agar-clla
1902 2945 1922 2993 l

390 3168 483 3204 Lu.
536 3147 839 3205 NEMALION
871 3144 1061 3226 Daby
1098 3145 1210 3226 (P).
1244 3153 1301 3206 J.
1337 3148 1461 3228 Ag.
1490 3147 1691 3227 Symb.
1722 3149 1884 3207 Cont.
1909 3152 2128 3229 prima.

285 3336 465 3393 Frons
516 3335 631 3394 filis
677 3337 1218 3416 longitudinalibus
1263 3339 1325 3395 in
1371 3339 1723 3397 columnam
1792 3341 2117 3421 centralem
2172 3340 2322 3396 den—

200 3437 427 3494 sissime
450 3437 678 3510 stipatis
708 3437 996 3495 intricatis
1026 3439 1536 3514 simpliciusculi5‚
1563 3461 1766 3499 versus
1799 3441 2196 3517 peripheriam
2225 3441 2321 3497 in-

201 3535 300 3591 fila
340 3535 728 3594 horizontalia
772 3539 1255 3595 moniliformiter
1287 3541 1602 3598 articulata
1626 3543 1921 3597 arcuatim
1950 3542 2321 3597 transeunti-

198 3635 358 3705 bus,
408 3636 751 3695 constituta.
836 3639 1089 3698 Fructus
1146 3639 1425 3716 duplex?
1507 3639 1854 3700 Favellidia
1900 3641 1958 3696 in
2011 3642 2320 3716 superiore

200 3747 373 3814 parte
411 3735 661 3797 filorum
704 3739 1208 3799 moniliformium
1247 3741 1379 3814 sita,
1405 3742 1563 3801 intra
1607 3740 2011 3819 perisporium
2060 3737 2153 3819 (P)
2187 3741 2320 3818 glo-
