2508 4022
1116 209 1436 265 ...58-

240 354 481 429 pendet,
522 352 632 422 ita,
664 351 777 409 hac
815 352 1203 428 dispositione
1241 351 1443 428 spirali
1470 349 1764 409 fibrarum
1796 354 2273 416 vel‘cellularum
2303 404 2317 431 ‚

239 450 568 524 explicatur
596 449 825 526 spiralis
847 451 1153 528 dispositio
1173 495 1187 521 ,
1225 468 1356 529 quae
1390 451 1452 506 in
1485 451 1761 526 partibus
1795 454 2183 513 exterioribus
2215 459 2324 515 ali-

238 549 484 623 quando
513 548 754 626 insignis
778 560 864 608 est
887 548 1350 629 (Sphaerosporae
1371 549 1433 606 in
1456 549 1897 630 Polysiplzoniis
1913 597 1928 624 ,
1951 553 2107 632 eto).

318 646 630 720 Florideae,
682 660 751 706 ut
801 660 1008 707 ceterae
1057 648 1246 726 Algae,
1286 647 1449 706 nulla
1501 650 1868 726 epidermide
1920 661 2086 710 tectae
2145 665 2323 723 sunt,

234 745 334 803 sed
384 746 734 804 membrana
777 749 1031 805 exterior
1070 747 1295 805 frondis
1335 767 1370 805 a
1409 747 1636 806 cellulis
1671 750 2088 809 terminalibus
2125 753 2325 811 diver-

237 864 439 901 sarum.
476 846 759 904 serierum
801 846 1180 917 cellularum,
1220 865 1355 922 quae
1407 847 1684 905 frondem
1736 851 2144 922 constituunt,
2174 873 2326 909 con-

237 954 394 1002 texta
432 955 538 1002 est.
580 945 732 1003 Hinc
781 967 889 1004 nec
937 967 1138 1022 sporas
1194 947 1599 1005 Floridearum
1658 949 2008 1005 membrana
2070 952 2325 1008 circum-

236 1043 404 1102 datas
445 1065 568 1102 esse
613 1047 731 1102 fere
781 1046 1141 1104 concludere
1196 1046 1401 1116 liceat,
1458 1047 1598 1104 hinc
1650 1047 1960 1124 singularis
2022 1051 2325 1106 crescendi

237 1144 493 1215 modus,
538 1146 598 1201 in
644 1146 847 1202 multis
887 1145 1040 1222 Algis
1081 1147 1247 1203 facile
1286 1147 1708 1216 observanduS,
1752 1148 2101 1223 explicatur.
2140 1149 2327 1207 Series

237 1263 452 1318 nempe
490 1244 947 1320 longitudinales
996 1245 1350 1302 cellularum
1398 1245 1676 1301 frondem
1730 1246 2224 1304 constituentium
2267 1250 2325 1306 in

236 1342 441 1398 multis
484 1341 636 1419 Algis
678 1345 846 1401 in1tio
888 1344 1055 1420 apice
1098 1343 1296 1400 liberae
1338 1354 1514 1414 sunt,
1564 1344 1866 1401 nonnullae
1909 1346 2094 1422 magis
2140 1366 2326 1423 quam

235 1451 441 1497 ceterae
463 1452 521 1499 et
539 1442 614 1498 ab
638 1444 706 1499 iis
730 1442 1186 1518 quodammodo
1208 1442 1675 1517 independentes
1698 1443 1971 1515 evolutae,
1996 1455 2054 1501 et
2075 1466 2195 1501 non
2218 1447 2328 1502 nisi

235 1541 420 1598 serius
457 1542 514 1597 in
549 1542 824 1598 frondem
863 1541 1206 1598 cellulosam
1251 1542 1642 1598 coalescentes
1689 1539 1803 1619 (ex.
1846 1562 1931 1618 gr.
1970 1543 2332 1602 Laurenciae

235 1638 455 1713 plureS,
484 1637 968 1718 Polpysiphonioe
1004 1650 1061 1696 et
1087 1650 1365 1715 praeterea
1406 1642 1465 1696 in
1496 1639 1769 1698 Cutleria
1790 1651 1848 1697 et
1882 1645 2154 1700 Zonarz’a
2188 1663 2331 1718 prae-

229 1737 412 1812 cipue
432 1738 548 1794 hoc
570 1739 810 1796 evidens
835 1738 965 1818 est).
996 1739 1222 1796 Eodem
1257 1739 1439 1796 modo
1473 1739 1699 1796 cellulae
1732 1739 2132 1814 superficiales
2176 1743 2332 1798 mul-

236 1845 436 1893 tarum
467 1837 875 1895 Floridearum
917 1858 1070 1913 saepe
1105 1840 1165 1893 in
1196 1835 1389 1894 media
1428 1836 1669 1907 fronde,
1699 1837 1882 1914 magis
1913 1857 2099 1913 quam
2129 1839 2332 1896 vicinae

237 1935 541 2011 impulsae,
567 1938 932 2011 peculiarem
958 1947 1367 2013 assequuntur
1394 1936 1821 1993 evolutionem.
1863 1936 1951 1994 Ita
1983 1937 2157 2007 lociS,
2191 1941 2330 2013 qui—

232 2033 351 2104 hus
387 2034 726 2092 formantur
763 2035 1022 2111 capsulae
1058 2036 1117 2091 in
1155 2032 1459 2105 ChondrO,
1488 2044 1629 2090 sunt
1668 2033 1892 2091 cellulae
1926 2034 2330 2110 superficiales

235 2132 297 2187 in
358 2143 612 2190 stratum
666 2132 911 2190 filorum
960 2134 1459 2191 moniliformium
1502 2144 1785 2203 mutatae3
1843 2135 1922 2192 ita
1971 2136 2333 2210 proveniunt

233 2232 606 2288 nemathecia
648 2233 807 2307 ipsa,
832 2233 912 2290 ita
947 2234 1273 2309 spongiosae
1312 2234 1716 2291 excrescentiae
1760 2235 1821 2290 in
1841 2233 2254 2314 Peyssonellia
2275 2245 2333 2291 et

232 2328 486 2410 Pogyide
510 2332 875 2408 explicandae
901 2342 1061 2390 sunt.

314 2500 762 2557 ancnmcfflo.
807 2501 1038 2577 Duplex
1072 2500 1546 2559 fructificationis
1584 2512 1910 2578 apparatus
1948 2504 2009 2559 in
2046 2502 2328 2559 Florideis

232 2597 418 2669 adest,
446 2597 618 2674 cujus
646 2599 964 2675 utriusque
987 2612 1302 2676 sequentes
1324 2603 1798 2662 modificationes
1826 2604 2149 2662 observavi.

323 2705 372 2752 1⁰
412 2695 861 2777 Sphaemsporoe
901 2696 1050 2778 (seu
1080 2724 1105 2750 «
1128 2702 1361 2760 fructus
1383 2723 1523 2779 gran
1536 2703 1710 2761 ularis
1739 2725 1765 2757 »
1794 2702 2152 2780 auctorum)
2187 2713 2328 2759 sunt

234 2795 470 2853 fructus
511 2797 593 2852 illi
635 2799 950 2875 saepissime
1002 2799 1306 2875 sphaerici‚
1353 2802 1544 2858 rarius
1597 2801 1874 2878 oblongi,
1929 2822 1962 2857 e
2001 2801 2328 2878 perisporio

235 2894 475 2970 hyalino
513 2906 570 2951 et
606 2907 898 2953 contentu
936 2898 1255 2974 granuloso
1289 2899 1554 2974 denique
1591 2901 1653 2954 in
1691 2919 1894 2974 sporas
1930 2900 1969 2971 4
2001 2899 2324 2968 dilabente,

235 2995 564 3051 constituti.
599 2994 1033 3071 Sphaerosporae
1055 3016 1217 3053 nunc
1253 2997 1493 3073 singulae
1528 3007 1584 3053 et
1616 2997 1796 3053 nudae
1834 3000 1895 3054 in
1921 2997 2168 3054 ramulis
2208 2998 2330 3053 sitae

235 3090 811 3173 (Callithamnion),
844 3115 1009 3151 nunc
1048 3096 1247 3171 plures
1287 3097 1362 3153 ad
1402 3098 1707 3153 internum
1745 3096 1900 3153 latus
1935 3095 2225 3152 involucri
2260 3116 2328 3153 ex

236 3192 484 3250 ramulis
515 3194 942 3252 transformatis
974 3196 1110 3263 orti,
1146 3197 1405 3253 seriatim
1429 3198 1696 3273 dispositi
1715 3207 1870 3253 -et
1902 3196 2329 3275 Gloiocarpum

236 3294 319 3349 sic
365 3293 598 3349 dictum
647 3294 970 3350 formantes
1013 3292 1447 3375 (Grffftchsia)3
1503 3315 1668 3352 nunc
1716 3295 1776 3351 in
1830 3297 1968 3372 ipsis
2019 3295 2325 3352 canalibus

238 3392 513 3448 frondem
535 3390 909 3448 articulatam
935 3396 1427 3467 percurrentibus
1455 3395 1722 3465 evolutae,
1759 3407 1817 3453 et
1852 3395 2102 3471 quidem
2134 3403 2235 3449 aut
2267 3393 2327 3448 in

239 3491 405 3564 apice
423 3493 570 3548 rami
594 3494 683 3549 vix
708 3492 926 3549 mutati
942 3491 1441 3574 (Ροζγεὶρήοηία),
1457 3504 1561 3551 aut
1579 3496 1638 3550 in
1656 3495 1891 3560 ramulo
1908 3495 2325 3550 transformato

241 3589 645 3665 siliquaeformi
682 3591 932 3670 Dasya,
971 3590 1343 3651 Odontlzalia
1365 3638 1379 3663 ‚
1409 3590 1783 3674 Rytiphloea‚
1816 3590 1961 3670 etc.)
1992 3589 2327 3647 nidulantes

244 3716 319 3728 --
342 3686 683 3746 stichidium
720 3691 1347 3760 formantes3-—nunc
1383 3693 1444 3748 in
1477 3700 1660 3748 strato
1693 3688 2118 3766 cpidermatico
2150 3686 2328 3744 cellu-

246 3785 440 3843 larum
483 3788 567 3844 vel
603 3788 662 3844 in
700 3788 924 3849 cellulis
963 3789 1278 3866 superficie
1316 3790 1599 3866 proximis
1632 3800 1803 3860 natae,
1838 3798 1898 3845 et
1940 3786 2185 3862 quidem
2221 3794 2326 3842 aut
