2508 4022
1088 212 1411 267 -17—

191 346 270 416 4ο
322 345 392 398 U.
439 336 1085 415 Bert0l071iiAg.syst.
1122 357 1181 415 p.
1215 336 1340 392 185.

192 443 262 514 [μ
324 444 394 498 U.
439 455 772 514 compressa
814 440 877 493 L.
913 435 1036 513 Ag.
1078 438 1244 495 Icon.
1287 449 1325 492 t.
1375 436 1459 494 16.

193 541 267 612 42
323 543 394 596 U.
434 539 627 595 Linza
660 541 725 593 L.
768 535 892 613 Ag.
937 545 1078 611 sySt.
1118 555 1176 612 p.
1225 537 1352 594 185.

195 641 273 712 45
327 641 397 695 U.
449 635 697 693 lactuca
728 639 792 692 L.
829 632 956 712 Ag.
995 647 1138 714 syst.
1174 657 1233 714 p.
1284 637 1408 713 189.

188 740 267 812 44
320 742 392 796 U.
442 736 739 794 latissima
780 737 845 791 L.
877 734 1001 815 Ag.
1047 747 1190 814 syst.
1222 757 1284 814 p.
1339 737 1468 793 188.

189 840 266 913 45
323 842 396 896 U.
445 833 652 916 rigida
694 834 820 912 Ag.
864 846 1012 914 Syst.
1040 856 1099 913 p.
1157 837 1286 911 189.

258 981 385 1030 Hab.
418 997 548 1047 saepe
587 981 869 1046 promiscue
897 981 1085 1044 species
1120 995 1294 1027 omnes
1325 985 1370 1027 in
1419 982 1623 1030 sinubus
1657 983 2100 1044 tranquillioribus,
2128 988 2310 1050 inipso

191 1064 349 1111 limite
372 1065 449 1111 vel
474 1077 650 1128 parum
667 1063 926 1112 demersae.

278 1225 350 1279 Is.
387 1218 655 1299 rigidam
698 1237 849 1294 saepe
883 1237 993 1294 pro
1026 1221 1098 1275 U.
1127 1215 1425 1275 latissima
1465 1222 1623 1277 sumi
1654 1223 1963 1297 suspicor;
2005 1224 2185 1280 distat
2218 1224 2316 1281 illa

188 1321 404 1378 fronde
434 1321 668 1377 minore
697 1337 933 1394 semper
972 1317 1326 1374 umbilicata
1362 1335 1466 1378 aut
1502 1320 1845 1379 brevissime
1877 1325 2317 1400 scutato-stipi·-

187 1431 337 1491 tata‚
379 1422 440 1477 in
491 1419 736 1477 lacinias
788 1416 1216 1494 profundiores
1244 1416 1417 1490 fissa,
1464 1423 1736 1499 margine
1793 1424 2006 1479 eximie
2056 1424 2318 1480 undato-

187 1523 403 1598 crispa,
431 1520 630 1576 colore
655 1517 951 1575 inferioris
973 1515 1202 1572 frondis
1219 1517 1592 1592 obscuriore,
1627 1522 1956 1598 rigiditate,
1979 1521 2316 1581 substantia

184 1620 451 1696 denique
492 1619 860 1698 subcornea‚
899 1624 958 1672 et
1016 1615 1317 1690 imprimis
1362 1619 1578 1677 fronde
1609 1641 1935 1697 nunquam
1985 1643 2107 1679 non
2155 1623 2317 1699 poris

185 1717 524 1778 fenestrata.
557 1718 667 1776 Hic
698 1718 1011 1774 character
1043 1715 1205 1772 illam
1234 1719 1311 1775 ad
1346 1723 1418 1777 U.
1453 1720 1839 1778 reticulatam
1854 1721 2067 1780 Forslf.
2093 1723 2319 1798 adpro-

184 1823 480 1896 pinquat,
530 1817 630 1876 sed
669 1818 798 1874 haec
837 1816 1066 1873 laciniis
1114 1814 1233 1873 fere
1277 1817 1602 1876 linearibus
1639 1829 1840 1876 tamen
1882 1821 2052 1878 facile
2095 1821 2318 1878 distin-

186 1919 416 1995 guitur.

963 2129 1042 2166 XI.
1090 2109 1400 2167 PORPHYRA
1445 2110 1568 2187 Ag.

189 2314 285 2388 46.
337 2321 406 2374 Ρ.
436 2315 726 2396 ‘vulgaris
766 2319 891 2397 Ag.
937 2317 1109 2377 Icon.
1147 2338 1206 2373 n.
1250 2318 1340 2375 28.

263 2457 394 2508 Hah,
431 2461 479 2504 in
521 2460 647 2505 mari
681 2460 925 2509 Adriatico
973 2461 1286 2523 frequentem
1328 2462 1377 2505 in
1419 2458 1776 2506 Mediterraneo
1816 2468 2009 2507 tantum
2044 2460 2104 2507 ad
2146 2460 2321 2509 Villam

194 2537 432 2585 Francam
460 2554 484 2585 a
511 2552 592 2584 me
611 2539 734 2587 visa.

541 2799 608 2856 V.
658 2797 1062 2857 SIPHONEAE
1113 2799 1284 2858 Grev.
1333 2800 1482 2881 Alg.
1527 2804 1701 2860 Bria.
1742 2822 1799 2879 p.
1850 2803 1978 2859 185.

279 3023 521 3084 Familia
587 3028 847 3084 maxime
899 3027 1190 3086 naturalis
1252 3050 1284 3085 a
1339 3029 1492 3106 Bory
1540 3029 2000 3105 quodammodo
2048 3032 2322 3106 primum

197 3129 492 3197 indicata,
543 3127 644 3184 sed
694 3149 817 3185 non
878 3129 990 3186 nisi
1037 3148 1215 3205 opere
1257 3127 1529 3186 Grevillei
1573 3129 1727 3187 bene
1773 3131 2131 3201 constituta,
2183 3131 2322 3188 licet

200 3228 278 3284 ab
320 3228 438 3284 hoc
474 3247 757 3305 quoque,
799 3228 1321 3305 sequentibusque
1360 3228 1679 3298 omnibUS,
1714 3228 2011 3287 limitibus
2057 3210 2319 3286 nimium

196 3329 460 3404 angustis
523 3328 705 3386 fuerit
771 3330 1250 3404 circumscripta.
1303 3327 1634 3388 Valoniam
1692 3328 1982 3408 Alysium
2036 3339 2095 3385 et
2138 3328 2323 3386 Ana-

198 3425 492 3505 dyomene
531 3448 653 3484 non
700 3438 940 3486 tantum
987 3430 1365 3486 consentiens
1411 3429 1825 3506 algologorum
1869 3449 1981 3486 vox
2028 3448 2058 3483 a
2104 3426 2321 3504 Sipho-

200 3528 326 3584 neis
379 3529 671 3596 removit,
723 3528 824 3584 sed
874 3528 1075 3602 plures
1124 3528 1313 3584 immo
1364 3529 1440 3585 de
1489 3540 1705 3586 natura
1753 3547 1962 3584 earum
2011 3526 2319 3605 vegetabili

203 3626 570 3684 dubitarunt
614 3644 625 3681 :
676 3626 851 3684 nobis
892 3628 985 3685 hae
1026 3628 1248 3704 plantae
1298 3627 1741 3705 Siphonearum
1792 3628 1944 3684 cives
2006 3627 2318 3685 certissimi

203 3725 499 3783 videntur.

2045 3831 2069 3873 2
