2508 4022
185 348 255 386 tas
283 339 610 387 horizontales
650 346 806 384 totam
831 338 1140 402 superficiem
1184 344 1401 398 tege-ntes
1428 337 1744 385 abeuntibus.
1771 347 1857 384 aut
1886 342 1933 384 in
1962 338 2126 401 plures
2155 341 2281 387 divi·

183 427 266 474 sis.
292 426 394 474 Fila
413 422 694 486 penicillata
714 431 915 471 externa
936 433 1047 471 sunt
1066 424 1204 488 quasi
1223 424 1624 475 continuationes
1644 413 1938 470 interiorum
1961 425 2277 486 centrali-um‚

185 510 260 555 vel
284 511 446 573 potius
468 516 578 554 sunt
607 509 727 572 ipsae
747 508 939 556 cellulae
964 508 1289 574 peripherieae
1316 507 1545 554 obovatae
1569 509 1620 554 in
1645 507 1723 555 fila
1750 508 1981 569 evolutae,
2010 508 2138 556 unde
2163 510 2278 569 loci,

183 595 358 657 quibus
385 610 408 640 a
435 593 639 641 ramulis
665 596 1005 658 egrediuntur,
1032 597 1169 658 quasi
1196 594 1369 640 leviter
1394 596 1614 641 excavati
1650 602 1907 658 apparent,
1933 595 2122 642 cellulis
2157 595 2284 642 obo-

187 680 305 726 vatis
326 680 649 728 circumcirca
667 682 1026 745 prestantibus.

261 776 470 851 Planta
502 797 813 872 singularis
852 797 1052 873 quoad
1093 805 1461 852 structuram
1492 797 1690 853 forsan
1721 796 1920 871 potius
1956 794 2289 875 Sporoclzni

180 892 432 963 species„
464 892 564 947 sed
598 889 807 950 habitu
832 893 1013 968 magis
1036 892 1450 967 Desmarestia,
1479 896 1641 952 unde
1681 897 1873 953 donec
1912 897 2144 954 fructus
2188 897 2286 952 in-

183 1000 503 1048 notescunt
543 991 688 1047 huic
726 991 924 1048 retuli.

221 1214 322 1271 xl.
371 1213 858 1273 LAMlNARIEAE
893 1221 1062 1275 Grev.
1090 1218 1237 1297 Alg.
1271 1221 1440 1277 Britc.
1461 1239 1521 1296 p.
1552 1221 1623 1275 24
1644 1217 1887 1296 (mutat.
1914 1217 2247 1293 limitibus).

265 1416 304 1470 F
308 1415 670 1473 ructificatio
689 1417 795 1473 diu
819 1417 1075 1474 obscura
1095 1436 1275 1492 opere
1302 1417 1490 1474 Patris
1511 1418 1588 1474 de
1609 1416 2056 1495 llIaGrocysc-ide
2077 1429 2135 1475 et
2158 1418 2292 1494 pul-

181 1515 326 1571 chra
362 1517 583 1593 analysi
626 1516 929 1573 Decaisnei
967 1515 1085 1591 jam
1123 1515 1277 1571 bene
1303 1516 1564 1591 cognita,
1604 1518 1752 1572 soris
1783 1536 1901 1572 non
1943 1515 2205 1572 definitis
2235 1525 2291 1571 et

182 1633 287 1688 per
308 1615 445 1689 plus
471 1616 675 1671 minus
702 1634 982 1689 magnam
1009 1613 1237 1669 frondis
1260 1624 1494 1690 partem
1529 1617 1822 1691 expansiS,
1844 1614 2290 1691 filamentisque

181 1712 497 1769 fructiferis
542 1713 1128 1770 obovato-truncatis
1170 1712 1586 1772 inarticulatae
1631 1735 1666 1770 a
1705 1715 2018 1791 Dictyoteis
2064 1714 2291 1770 Corda-

180 1812 403 1887 riisque
445 1811 741 1869 differens..
792 1811 1203 1870 Durvilloeam
1246 1823 1303 1869 et
1343 1811 1802 1893 Phyllosporam
1836 1833 1870 1867 a
1903 1814 2292 1869 Laminarieis

181 1911 568 1994 removendas
608 1931 766 1982 esse,
812 1912 955 1968 hinc
991 1910 1159 1967 facile
1187 1922 1378 1987 patet:
1414 1923 1622 1969 contra
1663 1911 1967 1970 Chordam
2001 1913 2290 1968 Lamina-

182 2011 293 2065 reis
324 2011 619 2083 pertinere
674 2012 767 2066 vix
810 2010 1070 2067 dubium
1130 2011 1277 2067 mihi
1330 2011 1586 2068 videtur.
1651 2010 2059 2068 Fructificatio
2112 2011 2287 2086 plane

182 2107 422 2177 eadem,
464 2109 627 2164 unde
664 2110 924 2165 nesciam
965 2129 1076 2167 cur
1108 2107 1411 2167 Chordam
1450 2108 1834 2168 Chordarieis
1873 2110 2118 2167 relatam
2166 2110 2293 2166 vult

184 2207 290 2263 cel.
345 2206 629 2264 Decaisne
652 2206 744 2286 (p.
788 2209 936 2286 130).

266 2304 448 2364 Idaeas
474 2307 548 2363 de
571 2309 932 2386 vegetatione
955 2308 1468 2365 Laminariearum
1484 2329 1516 2364 a
1534 2309 1811 2385 pluribus
1838 2308 2115 2385 algologis
2146 2328 2289 2383 pro-

184 2404 357 2463 fessas
382 2406 587 2487 (Bory,
615 2413 975 2487 Montagne,
1005 2405 1142 2486 cet.)
1171 2427 1294 2464 esse
1319 2407 1673 2479 falsissimas,
1690 2408 1815 2483 jam
1850 2407 2126 2483 plurimis
2149 2404 2292 2463 locis

184 2505 440 2582 probare
478 2517 730 2563 conatus
772 2527 928 2564 sum.
955 2506 1159 2564 Planta
1187 2506 1456 2583 juvenilis
1490 2508 1658 2564 initio
1689 2507 2051 2583 vegetatione
2081 2506 2290 2582 praeci-

186 2624 305 2680 pue
326 2607 623 2662 terminali
644 2607 956 2677 evolvitur,
985 2606 1148 2664 unde
1183 2608 1346 2664 frons
1386 2607 1617 2665 novella
1647 2612 1712 2664 L.
1735 2605 2022 2686 digicatae
2047 2606 2110 2662 L.
2149 2604 2292 2661 Sac-

187 2704 494 2762 charinam
528 2708 776 2763 omnino
805 2707 1084 2776 aemulat,
1122 2716 1181 2762 et
1218 2706 1458 2763 frondes
1495 2707 1793 2783 primariae
1826 2701 2296 2783 Macrocystidis

188 2815 392 2862 erectae
423 2816 481 2861 et
518 2818 786 2881 angustae
812 2807 1191 2873 formantur3
1221 2827 1361 2862 mox
1396 2826 1535 2863 vero
1559 2806 1708 2863 adeo
1742 2805 2007 2882 prevalet
2040 2804 2296 2860 tenden-

188 2905 268 2960 tia
307 2904 699 2979 peripherica,
735 2916 804 2961 ut
843 2906 1008 2961 frons
1049 2905 1168 2960 fere
1200 2914 1439 2961 tantum
1470 2906 1531 2960 in
1571 2906 1952 2961 latitudinem
1984 2903 2293 2969 increscit,

188 3012 384 3076 partes
433 3005 745 3059 exteriores
794 3002 915 3060 folii
974 3004 1125 3060 rima
1175 3023 1356 3078 supra
1402 3003 1574 3059 'basin
1618 3002 1938 3058 inchoante
1985 3012 2042 3057 et
2090 3019 2294 3057 versus

189 3102 419 3176 apicem
443 3102 658 3158 sensim
682 3103 1097 3178 progrediente
1118 3102 1194 3158 ab
1217 3102 1621 3171 inte1·ioribuS‚
1640 3121 1761 3156 non
1785 3101 1997 3156 eodem
2023 3098 2293 3175 impulsu

190 3220 312 3258 sese
341 3200 777 3273 evolventibus,
813 3211 1215 3279 segregantur,
1243 3212 1300 3258 et
1338 3201 1561 3257 laciniae
1594 3200 1908 3255 exteriores
1942 3199 2288 3254 Laminariae

190 3299 499 3375 caulisque
524 3300 605 3355 sic
643 3300 839 3357 dictus
877 3299 1320 3378 Macrocystidis
1358 3300 1672 3365 oriuntur3
1706 3297 2124 3374 progrediente
2154 3316 2293 3351 evo-

191 3400 440 3472 lutione,
477 3419 644 3455 novae
687 3397 912 3455 laciniae
953 3399 1026 3454 ad
1066 3403 1368 3457 internum
1406 3399 1562 3454 latus
1591 3397 1894 3452 exterioris
1926 3395 2154 3452 laciniae
2182 3394 2296 3449 La-

194 3499 453 3554 minariae
489 3498 577 3555 vel
626 3498 811 3555 caulis
860 3496 1305 3577 Macrocystidis
1351 3498 1639 3554 continuo
1688 3496 2052 3563 formantur,
2098 3494 2293 3549 donec

192 3595 429 3653 frondes
476 3598 778 3656 laciniatas
834 3607 943 3654 aut
998 3596 1231 3655 foliosas
1281 3598 1501 3653 harum
1551 3595 1900 3670 plantarum
1957 3592 2294 3650 notissimas

196 3692 507 3753 habemus.
544 3695 709 3753 Hanc
746 3715 866 3753 esse
907 3715 1101 3753 veram
1128 3696 1372 3753 illarum
1400 3693 1855 3770 explicationem
1898 3713 1931 3747 a
1971 3689 2290 3747 frondibus
