2508 4022
1087 263 1403 318 ..16-

196 392 292 449 38.
320 395 374 448 E
377 402 460 446 nt.
479 389 828 465 marginata
846 404 975 443 nov.
1000 405 1083 463 Sp.
1107 385 1338 442 Fronde
1355 382 1620 442 filiformi
1640 386 2012 463 subsimplici
2029 385 2202 464 plana
2225 394 2285 448 in

273 487 574 546 funiculos
618 485 778 542 laxos
818 494 1090 542 contorta
1128 483 1639 561 longitudinaliter
1684 484 1979 561 areolam,
2024 492 2289 550 seriebus

283 586 581 645 subternis
606 583 1212 653 numerosioribusve‚
1240 583 1667 657 marginalibus
1690 585 2068 646 subdiversiS.

261 712 388 761 Hab.
430 710 489 759 ad
514 710 673 758 trabes
701 710 843 758 undis
869 711 1018 758 maris
1043 710 1193 773 aperti
1243 710 1494 770 irrigatos;
1522 711 1580 757 ad
1606 711 1821 769 Nizzam‚
1859 726 2026 762 mense
2055 716 2287 773 octobris,

191 801 297 861 legi.

258 909 473 956 Frondes
508 911 557 955 in
584 907 827 954 funiculos
853 907 988 952 laxos
1011 911 1268 962 contortae,
1298 903 1574 966 filiformes,
1610 907 1790 971 planae,
1818 908 2068 974 simplices
2118 910 2293 974 (semel

191 996 436 1044 ramulum
460 996 709 1041 minutum
746 990 890 1054 vidi),
911 991 1212 1037 tenuissimae
1241 991 1320 1037 vix
1353 991 1627 1056 capillares,
1667 993 1922 1042 latioribus
1957 991 2292 1045 multiseriatis

189 1081 654 1147 angustioribusque
677 1078 925 1125 triseriatis
944 1077 1258 1133 intermixtis,
1281 1078 1422 1138 quasi
1445 1079 1767 1140 marginatae‚
1798 1079 1987 1127 cellulis
2011 1083 2293 1144 marginali-

188 1170 280 1217 bus
300 1168 538 1216 intensius
565 1164 793 1213 coloratis
816 1160 1173 1224 subquadratis.
1210 1161 1363 1208 Color
1389 1164 1587 1226 prasino
1606 1163 1791 1212 viridis.

273 1290 572 1349 Frondem
621 1304 980 1363 magnopere
1020 1294 1261 1341 auctam
1319 1284 1452 1359 pilis
1496 1288 1857 1345 tenuissimis
1900 1287 2154 1365 hyalinis
2197 1309 2296 1345 or-

196 1403 399 1449 natam
439 1388 591 1459 vidi,
635 1385 847 1443 eodem
895 1384 1078 1440 modo
1122 1403 1190 1439 ac
1232 1385 1290 1439 in
1314 1383 1645 1463 Bryopside
1685 1397 1743 1443 et
1767 1385 2077 1465 Confiervoe
2104 1390 2296 1464 specie

197 1491 316 1569 jam
351 1509 534 1566 supra
562 1485 886 1544 memoravi
914 1485 1008 1560 (p.
1033 1480 1132 1557 2).
1161 1480 1404 1537 Cellulae
1432 1483 1756 1542 adultiores
1789 1496 1953 1543 extra
1994 1488 2291 1559 frondem,

189 1592 334 1647 hinc
373 1589 544 1664 quasi
584 1601 962 1642 verrucosam
984 1625 999 1651 ‚
1027 1580 1372 1656 prominent
1397 1591 1457 1638 et
1492 1581 1554 1637 in
1594 1583 1908 1640 ramulum
1943 1585 2296 1661 prolifican-

188 1701 311 1747 tem
355 1688 617 1762 denique
653 1682 816 1739 abire
841 1699 1011 1756 posse
1039 1678 1355 1747 videntum
1399 1679 1656 1756 qualiter
1675 1692 1877 1740 ortum
1914 1685 2294 1741 ramulorum

192 1793 251 1847 in
278 1788 524 1866 Bangia
550 1785 751 1860 crispa
778 1799 1025 1857 quoque
1050 1777 1369 1835 observavi.

270 1887 360 1946 De
411 1903 620 1963 genere
662 1902 784 1938 non
823 1889 1019 1936 certus
1056 1897 1235 1948 sum3
1275 1878 1449 1935 initio
1491 1878 1569 1934 ad
1602 1883 1909 1959 Bangiam
1940 1882 2144 1952 referi,
2186 1882 2297 1938 ha-

190 1989 324 2045 bitu
351 1987 470 2043 fere
501 1990 572 2042 B.
617 1979 956 2037 velatinam
990 1976 1311 2034 aemulante
1340 1986 1398 2033 et
1424 1977 1651 2034 cellulis
1679 1980 2109 2055 marginalibus
2148 1979 2297 2036 sub-

192 2083 566 2164 regularibus
584 2083 830 2147 ductus3
851 2078 1135 2135 divisione
1155 2093 1294 2131 vcro
1315 2077 1696 2150 quaternaria
1708 2079 1858 2134 —in
1874 2080 2132 2157 Bangiis
2146 2079 2294 2134 adeo

192 2185 454 2244 evidenti
479 2216 554 2225 —
578 2198 884 2255 nusquam
928 2173 1332 2245 observanda,
1369 2176 1570 2249 potius
1614 2175 2109 2254 Enteromorphae
2148 2177 2293 2234 sub-

186 2285 378 2362 junxi.
422 2281 742 2339 Diversitas
797 2276 1151 2334 cellularum
1197 2273 1621 2349 marginalium
1678 2285 1736 2331 et
1792 2276 2007 2333 mediae
2065 2276 2293 2334 frondis

192 2384 331 2441 inde
350 2380 610 2458 pendere
629 2378 886 2440 videtur,
913 2374 1078 2451 quod
1098 2372 1450 2447 marginales
1468 2373 1697 2430 cellulae
1721 2376 2041 2451 utriusque
2063 2378 2294 2452 paginae

192 2493 352 2540 arcte
387 2479 620 2539 coalitae
663 2486 835 2545 sunt,
884 2473 1096 2530 mediis
1144 2471 1407 2545 spatium
1449 2473 1603 2529 inter
1637 2485 1964 2551 utramque
2013 2477 2291 2551 paginam

192 2579 628 2658 linquentibus,
658 2576 820 2633 unde
853 2575 1111 2631 formam
1147 2571 1374 2629 frondis
1414 2593 1613 2631 revera
1646 2578 1969 2652 ancipitem
2019 2597 2140 2634 esse
2180 2596 2294 2652 pu-

194 2682 437 2739 taverim
467 2700 482 2751 3
533 2677 762 2736 cellulae
820 2675 1034 2732 mediae
1092 2669 1317 2729 frondis
1362 2689 1612 2748 quoque
1672 2675 1873 2733 formae
1946 2675 2293 2751 irregulares

193 2791 351 2836 sunt.
379 2780 464 2835 An
495 2778 568 2833 ad
595 2796 781 2853 genus
812 2773 1227 2831 Peroarsarioe
1249 2771 1658 2831 transferenda
1699 2776 1792 2846 sit,
1818 2795 1928 2831 nec
1953 2775 2088 2831 satis
2128 2775 2247 2830 scio
2272 2799 2288 2841 ;

192 2898 377 2955 genus
400 2875 928 2951 Meneghinianum
946 2871 1096 2927 mihi
1120 2871 1392 2946 ignotum
1409 2890 1423 2940 ;
1438 2874 1765 2946 specimina
1782 2876 1968 2949 enim,
1988 2894 2126 2951 quae
2146 2893 2294 2931 auc-

193 2977 307 3033 tori
329 2974 518 3032 debeo
546 2993 575 3028 a
609 2969 955 3047 vulgaribus
989 2971 1134 3024 Ent.
1167 2964 1494 3027 clathrata&
1532 2971 1738 3030 formis
1778 2974 2138 3050 distinguere
2170 2992 2290 3028 non

191 3076 387 3150 potui.

195 3191 289 3270 39.
335 3196 479 3248 Ent.
505 3190 810 3249 clathrata
837 3191 941 3249 Llf.
979 3192 1105 3273 Ag.
1138 3212 1225 3270 Sp.
1271 3191 1421 3272 Alg.

263 3335 391 3384 Hah.
422 3336 481 3382 ad
503 3336 668 3382 littora
692 3337 890 3382 sinuum
910 3345 957 3382 et
979 3336 1372 3384 scrobiculorum
1391 3339 1439 3384 in
1456 3343 1664 3398 utroque
1685 3337 1828 3383 mari.

798 3529 847 3565 x.
899 3506 1056 3567 ULvA
1098 3511 1201 3567 AG.
1244 3531 1333 3589 sp.
1379 3509 1526 3589 Alg.
1571 3507 1681 3588 ref.

275 3653 456 3710 Frons
479 3652 1229 3729 expanso-membranacea
1252 3665 1352 3711 aut
1379 3653 1659 3712 tubulosa
1682 3654 1881 3710 viridis
1906 3651 2179 3719 areolata,
2206 3670 2292 3706 ar-

203 3751 346 3808 eolis
373 3753 724 3811 inordinatis
755 3752 948 3810 forma
977 3749 1303 3811 indefinitis
1329 3752 1588 3827 sporidia
1611 3772 1802 3828 pauca
1825 3749 2286 3808 continentibus
