2508 4022
1091 211 1371 260 -5-

174 332 460 408 temporis
498 331 762 407 spatium
802 331 1116 387 observare
1137 332 1328 400 licuit,
1364 330 1465 388 sed
1508 331 1739 388 nullam
1772 332 1949 408 plane
1981 335 2290 413 coniocys-

173 443 375 488 tarum
409 430 814 488 evolutionem
856 429 1055 486 videre
1092 431 1362 506 contigit.
1402 429 1786 508 Coniocystas
1813 429 2014 489 tamen
2055 433 2124 490 iis
2147 455 2293 492 ana-

172 529 332 608 logas
362 551 507 600 esse,
549 550 812 606 quarum
851 530 1001 586 vidit
1024 530 1432 587 evolutionem
1463 529 1676 606 Unger,
1717 551 1926 608 negare
1955 531 2287 603 noluerim3

173 631 273 687 sed
298 649 501 705 sporas
536 630 594 685 in
622 629 785 686 nulla
822 628 935 684 alia
956 629 1300 706 Bryopsidis
1334 630 1529 706 specie
1564 628 1689 685 huc
1718 649 1913 705 usque
1936 643 2110 691 notas
2142 653 2289 706 esse,

171 730 324 785 dum
362 730 422 785 in
453 734 553 786 ΒΓ.
586 725 950 786 Balbisiana
984 749 1304 806 nunquam
1338 749 1460 785 non
1488 728 1874 786 inveniantur
1906 729 1996 808 (i)
2031 749 2290 808 perpen—

170 829 337 885 denti
359 828 532 902 mihi,
562 840 619 885 et
644 827 854 884 eodem
883 839 1154 905 tempore
1175 831 1236 885 in
1253 830 1514 909 Bryopsi
1526 824 1894 885 Balbisiana
1914 849 2068 907 saepe
2091 833 2293 909 caespi-

168 928 327 986 tulos
357 929 740 985 ramulorum
775 927 1250 1004 prolificantium
1288 929 1364 985 ad
1405 930 1602 1004 apices
1636 947 1951 985 ramorum
1975 933 2291 1004 provenire

169 1028 592 1097 consideranti,
615 1047 725 1084 nec
751 1027 1120 1102 impossibile
1144 1027 1271 1083 fore
1296 1028 1554 1096 videtur,
1584 1025 1965 1104 Coniocystas
1992 1028 2053 1084 in
2080 1029 2290 1105 planta

167 1128 345 1184 matri
386 1126 531 1204 jam,
574 1124 1118 1204 prolificationibus
1154 1127 1279 1184 istis
1323 1127 1614 1203 originem
1659 1126 1820 1182 dare.
1861 1126 1980 1183 Nec
2026 1147 2092 1183 ea
2137 1129 2290 1185 mihi

166 1226 507 1301 displiceret
547 1227 774 1302 opinio,
810 1246 948 1303 quae
984 1224 1370 1303 Coniocystas
1414 1224 1770 1306 Bryopsidz's
1809 1223 2193 1285 Balbisianoe
2223 1238 2292 1285 ut

165 1326 598 1401 conceptacula
643 1328 1014 1396 consideret,
1065 1345 1173 1401 per
1219 1345 1354 1403 quae
1397 1325 1660 1402 sporidia
1718 1327 1953 1383 interna
1995 1348 2066 1384 ex
2121 1348 2290 1385 ramo

160 1436 523 1501 erumpunt,
565 1426 728 1483 velut
760 1427 818 1482 in
854 1433 954 1485 Br.
983 1425 1318 1486 arbuscula
1353 1446 1420 1483 ex
1460 1426 1727 1484 mamilla
1771 1428 2046 1485 tenuiore
2075 1447 2292 1504 prove-

164 1527 364 1597 niunt,
414 1536 608 1602 utque
651 1526 910 1603 sporidia
949 1528 1079 1584 viva
1125 1529 1186 1584 in
1229 1523 1551 1606 Conservoe
1591 1527 1786 1603 specie
1819 1561 1897 1570 —
1933 1532 1999 1586 C.
2048 1540 2292 1586 zonatae

164 1628 625 1702 proxima—ex
662 1628 1015 1704 coniocystis
1054 1625 1468 1685 subsimilibus
1511 1629 1801 1704 segregari
1843 1627 1994 1699 vidi3
2018 1628 2120 1685 sed
2163 1629 2290 1685 haec

164 1727 366 1783 omnia
414 1727 636 1798 dubia,
672 1746 807 1802 quae
847 1727 1291 1785 observationes
1345 1727 1703 1803 posteriores
1749 1737 1992 1785 tantum
2034 1729 2282 1789 solvent.

162 1824 487 1900 Cujusnam
517 1836 752 1882 naturae
778 1827 895 1882 sint
917 1827 1274 1902 coniocystae
1297 1825 1358 1881 in
1385 1823 1807 1905 Chaetophora‚
1833 1828 1896 1884 in
1925 1826 2284 1902 Calotlzrice,

161 1934 220 1982 et
236 1925 298 1980 in
320 1922 618 2004 Confhrva
640 1925 918 1995 inventae,
940 1924 1465 1982 observationibus
1487 1926 1769 1983 nondum
1792 1927 2123 2002 probatum
2147 1930 2284 1986 fuit.

245 2023 775 2082 Observationibus
804 2026 1009 2100 itaque
1041 2023 1260 2102 Ungeri
1285 2035 1344 2081 et
1370 2024 1690 2083 Vaucherii
1731 2026 1879 2083 scire
1904 2036 2187 2084 nostrum
2215 2028 2290 2084 de

161 2135 378 2182 natura
404 2126 888 2202 coniocystarum
917 2134 1119 2182 totum
1150 2125 1366 2182 nititur
1405 2123 1508 2202 (2)
1537 2124 1620 2181 Ex
1646 2124 1739 2183 his
1772 2137 2124 2203 sequuntur
2150 2147 2292 2204 spo-

223 2315 280 2371 (⁴¹)
313 2317 471 2370 Organa
495 2326 659 2358 externa
691 2315 944 2375 Biyt-apsidis
977 2315 1241 2358 Balbisianoe
1266 2331 1288 2357 a
1313 2316 1587 2371 Meneghinio
1617 2326 1657 2359 et
1694 2321 1912 2375 Montagne
1944 2319 2161 2375 descripta,
2200 2320 2294 2361 licet

163 2392 262 2434 nihil
282 2396 402 2448 plane
423 2395 472 2434 de
500 2407 641 2434 earum
659 2401 800 2435 natura
824 2403 863 2435 et
894 2393 1165 2434 functionibus
1187 2401 1370 2444 constet,
1398 2394 1499 2434 tanti
1532 2401 1670 2435 tamen
1697 2394 1844 2435 valoris
1865 2394 2093 2438 existimata
2112 2396 2292 2446 fuerunt,

164 2477 206 2511 ut
230 2484 308 2512 non
335 2479 489 2512 tantum
511 2486 584 2525 pro
609 2472 713 2512 veris
738 2472 866 2526 sporis
897 2472 1215 2524 declararentur,
1239 2472 1307 2512 sed
1332 2481 1476 2513 nostrae
1511 2486 1672 2527 quoque
1701 2472 1753 2513 de
1775 2473 2005 2514 evolutione
2028 2473 2293 2529 sporidiorum

164 2548 476 2599 observationes,
500 2563 588 2603 quae
609 2557 730 2589 totam
754 2549 996 2589 evol-ationis
1018 2549 1229 2589 historiam
1256 2550 1592 2604 complectuntur,
1614 2550 1726 2603 quasi
1751 2563 1966 2604 numquam
1984 2550 2116 2602 factae,
2135 2550 2294 2592 silentio

165 2627 413 2682 denegantur
432 2627 668 2683 (Decaisne‚
684 2629 748 2666 Pl.
763 2627 901 2680 arab„
918 2642 960 2683 p.
981 2627 1097 2679 ⁴26).
1117 2630 1206 2679 Qua
1221 2627 1382 2682 quidem
1403 2628 1460 2668 rei
1483 2626 1653 2675 ratione,
1669 2627 1875 2669 declarare
1899 2628 2026 2668 coacti
2045 2642 2199 2676 sumus,
2224 2641 2294 2668 nos

167 2713 317 2746 motum
352 2704 620 2761 sporidiorum
646 2705 685 2745 in
719 2704 946 2762 Bryopside
970 2719 1049 2745 non
1078 2706 1200 2745 semel
1223 2703 1296 2745 secl
1316 2705 1468 2761 pluries
1489 2705 1737 2756 observasse,
1760 2713 1802 2746 et
1822 2706 2097 2747 recentissime
2134 2706 2292 2760 quidem

167 2797 307 2824 mense
326 2784 429 2824 febr.
452 2784 568 2837 hujus
591 2784 700 2828 anni,
727 2785 767 2824 in
794 2783 1077 2838 speciminibus
1099 2783 1174 2824 Br.
1197 2785 1394 2839 plumosae
1418 2781 1468 2823 ad
1493 2782 1638 2824 Villam
1665 2785 1856 2823 Francam
1882 2782 2017 2837 lectis3
2051 2791 2090 2823 et
2113 2783 2164 2823 ad
2182 2783 2292 2823 veri-

169 2871 288 2904 tatem
317 2872 550 2904 nostrarum
575 2863 901 2905 observationum
933 2863 1207 2919 probandam,
1236 2861 1354 2900 immo
1379 2867 1514 2900 testem
1545 2859 1668 2901 citare.
1687 2859 1936 2915 potuerimus
1967 2857 2056 2901 Cel.
2078 2859 2214 2910 Risso,
2229 2860 2293 2900 cui

169 2955 246 2982 non
277 2949 426 2982 tantum
459 2949 608 2982 motum
636 2940 906 2996 sporidiorum
932 2942 971 2982 in
1000 2941 1158 2981 interno
1180 2937 1300 2987 tube,
1321 2938 1394 2978 sed
1425 2940 1544 2978 etiam
1574 2945 1777 2984 rostrum,
1808 2951 1889 2992 quo
1913 2936 2057 2978 muniti
2078 2947 2183 2986 sunt,
2212 2951 2296 2979 ma·

170 3020 314 3059 millam
342 3034 413 3074 per
441 3034 559 3073 quam
592 3020 845 3073 egrediuntur
880 3027 919 3060 et
953 3028 1104 3059 motum
1143 3016 1439 3058 vivacissimum
1471 3016 1510 3055 in
1547 3014 1701 3069 liquido
1732 3014 2044 3069 circumjacente
2077 3005 2297 3055 monstrare

171 3096 304 3137 felices
334 3097 494 3137 fuimus.
517 3101 577 3138 Ita
606 3098 656 3137 de
676 3077 781 3138 novo
804 3106 929 3137 totam
948 3097 1092 3137 seriem
1112 3103 1334 3137 nostrarum
1363 3094 1688 3135 observationum
1708 3092 1944 3143 revidimus‚
1970 3101 2013 3135 et
2032 3107 2082 3134 ne
2102 3094 2295 3148 singulam

170 3174 232 3214 vel
265 3174 465 3215 minimam
498 3175 838 3216 modificationem
872 3175 913 3214 in
945 3173 1156 3220 omnibus,
1179 3186 1268 3228 quae
1299 3185 1409 3213 anno
1444 3172 1555 3213 1836
1581 3171 1904 3221 enuntiavimus,
1929 3171 2064 3213 faeere
2100 3171 2293 3225 cogimur.

173 3250 329 3291 Addere
351 3253 462 3293 lubet
484 3267 493 3293 :
522 3252 554 3293 si
580 3253 747 3294 frustula
775 3252 956 3307 quaedam
986 3251 1087 3292 Iodii
1113 3251 1225 3305 juxta
1256 3250 1432 3305 sporidia
1464 3250 1713 3291 vivacissima
1735 3250 2012 3306 deponuntur,
2035 3249 2113 3291 ista
2138 3249 2179 3289 in
2203 3249 2309 3304 ipso>

174 3337 379 3368 momento
408 3331 647 3379 moriuntur,
681 3344 768 3386 quae
800 3330 839 3370 in
876 3329 1032 3384 liquido
1067 3326 1370 3382 circumjacente
1397 3327 1481 3380 jam
1520 3334 1663 3381 erupta
1699 3335 1844 3377 erant3
1874 3340 1963 3380 quae
1993 3339 2089 3367 vero
2122 3326 2159 3365 in
2192 3323 2294 3364 tubis

173 3407 322 3462 planta:
347 3405 478 3447 adhuc
512 3409 669 3450 inclusa
701 3409 863 3450 fuerunt
883 3416 1030 3448 molum
1066 3406 1301 3446 continuant
1328 3405 1453 3461 magis
1483 3405 1662 3455 lentum,
1693 3406 1787 3446 dum
1820 3405 1982 3446 tandem
2017 3404 2102 3444 haec
2133 3415 2296 3457 quoque

176 3484 393 3539 tranquilla
413 3485 600 3526 evadunt.
622 3485 777 3528 Eodem
799 3487 918 3529 modo
943 3484 1119 3541 sporidia
1139 3484 1240 3535 viva,
1262 3497 1364 3539 aqua
1388 3482 1492 3524 dulci
1514 3483 1737 3539 superfusa,
1768 3482 1902 3524 statim
1928 3481 2171 3520 moriuntur.

236 3585 294 3641 (2)
330 3588 490 3641 Organa
510 3587 596 3629 haec
618 3596 798 3643 externa,
822 3590 865 3630 in
887 3588 1152 3645 Zoospermeis
1173 3587 1305 3628 multis
1334 3587 1541 3629 observata
1558 3618 1567 3636 ‚
1587 3601 1682 3628 vera
1717 3600 1814 3627 crux
1834 3584 1909 3625 fuit
1935 3583 2288 3639 systematicorum.

180 3671 380 3709 Honorem
395 3668 544 3724 proprii
560 3667 717 3721 generis
731 3666 962 3708 Galothrici
974 3668 1260 3715 confervicolae
1277 3664 1518 3715 tribuerunt,
1532 3663 1656 3720 quod,
1670 3662 1898 3705 auctoribus
1915 3664 2017 3716 Bory
2033 3670 2073 3701 et
2087 3659 2223 3716 Duby,
2240 3661 2291 3703 ad

179 3746 402 3787 Ceramieas
422 3759 500 3787 una
520 3759 609 3786 cum
632 3743 887 3786 Bulbochaece
906 3754 944 3787 et
965 3745 1219 3787 Auduinella
1239 3745 1406 3785 relatum
1429 3744 1519 3786 suit.
1538 3747 1715 3786 Auctore
1736 3742 1877 3785 eodem
1893 3740 2160 3783 celeberrimo
2175 3744 2291 3795 Bory,
