2508 4022
1100 199 1419 255 -39-

200 333 350 381 quam
398 318 468 365 sas
495 318 587 364 fuit
612 317 844 366 increvit.
866 342 931 350 -—
955 318 1109 363 Frons
1145 317 1384 381 primaria
1407 322 1456 362 et
1484 315 1650 365 adulta
1675 325 1752 365 est
1771 319 1942 366 colore
1967 327 2015 366 et
2035 317 2308 368 substantia

196 406 426 454 coriacea
468 404 564 451 late
589 418 833 468 expansa,
863 401 1087 449 inferiori
1129 404 1309 467 pagina
1353 400 1600 450 velamine
1640 403 1794 452 denso
1821 404 2026 453 radicali
2047 404 2306 463 instructa,

199 490 384 555 illaque
411 489 618 555 rupibus
644 498 782 552 arcte
818 487 1093 546 adhaerens,
1124 491 1383 554 superiore
1408 488 1578 551 glabra
1603 490 1688 536 sed
1724 493 1857 539 varie
1882 500 1928 539 et
1955 491 2305 554 longitudina-

197 576 310 625 liter
338 576 550 642 plicata3
577 583 810 623 caeterum
849 574 1097 622 undarum
1124 577 1170 623 vi
1215 582 1261 622 et
1307 574 1723 622 animalculorum
1755 576 2049 640 plerumque
2091 592 2306 640 magno-

196 678 313 727 pere
340 661 458 709 laesa
485 668 534 706 et
560 661 811 708 crescendi
838 659 991 706 modo
1019 662 1153 708 varie
1181 661 1367 710 lobata.
1399 663 1434 708 Α
1455 661 1712 725 superiore
1737 664 1918 724 pagina
1944 663 2093 725 hujus
2114 663 2302 710 frondis

194 749 445 813 primariae
471 755 681 811 surgunt
714 745 911 793 frondes
936 748 1147 795 novellae
1169 748 1544 812 pateraeformes
1573 749 1738 811 stipite
1759 747 2053 797 brevissimo
2080 749 2310 797 affixae—

193 836 245 882 in
273 834 440 900 planta
469 836 711 883 exsiccata
739 833 1037 882 umbilicum
1064 837 1341 883 mentiente
1364 862 1432 870 —
1459 843 1507 882 et
1547 833 1705 881 limbo
1733 849 1922 882 corona
1959 835 2181 899 pilorum
2208 845 2312 884 ter·-

194 922 411 978 minat03
441 922 657 968 maxime
680 919 926 982 juveniles
950 921 1300 967 minutissimae
1330 921 1520 984 —piso
1548 921 1847 966 minores—
1869 919 2049 967 adultae
2076 936 2233 984 usque
2258 923 2312 969 in

193 1007 613 1069 magnitudinem,
635 1004 856 1069 cyathifo
867 1020 1025 1053 rmem
1050 1006 1194 1053 basin
1222 1006 1577 1054 Himanthaliae
1605 1014 1925 1072 superantem
1949 1016 2310 1069 excrescentes,

193 1107 367 1140 omnes
397 1095 686 1141 tenuissime
710 1091 1130 1152 membranaceae,
1158 1094 1368 1155 integrae
1397 1101 1444 1139 at
1469 1091 1806 1156 rigidiusculae
1832 1100 1879 1139 et
1901 1091 2135 1140 facillime
2166 1092 2311 1144 fissae.

192 1179 482 1229 —Limbus
523 1180 747 1244 pilorum
774 1179 1003 1227 frondem
1035 1194 1315 1237 coronans,
1352 1195 1411 1227 ex
1451 1179 1673 1244 apicibus
1711 1179 1878 1226 liberis
1918 1180 2158 1226 serierum
2195 1179 2314 1226 lon-

193 1268 549 1331 gitudinalium
583 1268 882 1317 cellularum
910 1268 1095 1316 frondis
1136 1267 1456 1315 constituitur
1486 1292 1554 1302 —-
1592 1266 1775 1331 plantae
1808 1266 2066 1314 crescendi
2101 1265 2317 1333 modum

188 1354 415 1402 indicans
439 1390 457 1415 ,
496 1353 730 1402 omnibus
758 1355 953 1419 generis
994 1353 1251 1419 speciebus
1281 1371 1606 1404 communem
1644 1364 1691 1403 ct
1736 1357 1876 1420 cujus
1906 1358 1956 1403 in
2004 1356 2119 1404 loco
2163 1357 2312 1403 citato

197 1441 588 1506 descriptionem
607 1441 741 1501 dedi,
768 1443 1011 1504 cujusque
1039 1441 1167 1488 infra
1194 1443 1477 1491 Cutleriam
1500 1444 1653 1490 etiam
1675 1445 1985 1491 mentionem
2011 1443 2121 1490 feci.
2153 1445 2314 1491 Fruc-

192 1535 301 1576 tum
327 1543 430 1576 non
454 1529 580 1590 vidi,
608 1528 739 1576 unde
768 1545 794 1576 a
823 1529 1048 1575 Zonariae
1074 1542 1275 1590 genere,
1304 1529 1449 1593 quale
1489 1530 1846 1589 limitavimus,
1868 1544 2094 1594 separare
2131 1527 2270 1576 nolui
2294 1562 2309 1586 ,

192 1612 310 1662 licet
344 1614 568 1678 plantam
595 1615 905 1678 singularem
939 1616 1144 1661 nomine
1166 1614 1390 1679 algologi
1416 1616 1728 1663 meritissimi
1752 1623 1979 1662 ornatam
2004 1614 2314 1661 maluissem.

192 1727 259 1736 —·
297 1702 527 1766 Speciem
559 1700 927 1764 Agardhianam
955 1716 1059 1748 esse
1085 1699 1471 1750 Mediterraneae
1497 1702 1765 1750 identicam
1786 1696 1953 1749 nullus
1980 1700 2177 1748 dubito.

524 1913 655 1950 xxx.
701 1892 928 1950 PAmNA
970 1890 1215 1951 Adans.
1262 1890 1396 1950 nob.
1443 1888 1642 1971 Symb.
1691 1891 1867 1949 Cont.
1921 1909 1968 1947 1.

201 2076 327 2114 noo.
373 2060 444 2114 P.
494 2059 763 2134 pavonia
796 2053 988 2115 Gaill.
1027 2055 1152 2134 Ag.
1179 2074 1266 2134 sp.
1298 2077 1357 2135 p.
1401 2056 1531 2115 125.
1564 2060 1634 2113 P.
1654 2052 2116 2113 mediterranea.
2151 2058 2314 2132 Bory

272 2163 495 2226 Moree‚
523 2176 583 2212 n.
619 2153 788 2226 1455.

258 2274 393 2324 Hab.
422 2273 483 2322 ad
504 2290 619 2322 saxa
638 2273 863 2321 demersa
891 2282 937 2320 et
960 2274 1009 2320 in
1038 2273 1224 2321 fissuris
1251 2275 1456 2338 rupium
1482 2273 1770 2339 pleniorum
1797 2275 1948 2323 maris
1981 2288 2159 2339 parum
2186 2287 2310 2338 pro-

193 2360 330 2408 fundi
357 2360 548 2424 solique
575 2361 784 2425 expositi
810 2359 1016 2423 ubique.

439 2575 596 2613 xxx1.
647 2553 932 2614 Cui-mam
983 2558 1157 2614 Grev.
1206 2555 1357 2634 Alg.
1401 2558 1577 2613 Bricc,
1622 2576 1686 2633 p.
1732 2554 1828 2613 60.
1876 2567 1915 2613 t.
1971 2574 2058 2614 1o.

275 2717 718 2775 Formationem
771 2717 1008 2774 fructus
1046 2716 1324 2793 sequenti
1371 2715 1556 2773 modo
1603 2715 1927 2774 observavi.
1973 2714 2106 2773 Sori
2146 2726 2311 2773 extra

192 2814 476 2872 frondem
531 2817 943 2892 prominentes
1003 2837 1109 2892 per
1155 2816 1501 2873 inferiorem
1549 2825 1784 2892 partem
1829 2815 2049 2891 plantae
2091 2815 2314 2873 adultae

190 2913 399 2989 sparsi,
416 2914 585 2971 initio
607 2912 926 2971 filamentis
946 2914 1333 2992 cylindraceis
1358 2913 1589 2972 obtusis
1604 2924 1963 2973 constantes.
1986 2913 2311 2973 Filamenta

191 3012 561 3089 plerumque
610 3014 903 3090 simplicia
941 3014 1030 3071 vel
1082 3013 1211 3071 basi
1261 3015 1384 3071 ima
1434 3014 1702 3088 furcata,
1737 3016 1998 3093 duplicis
2049 3015 2314 3092 denique

190 3123 453 3183 naturae3
507 3116 796 3171 exteriora
856 3116 918 3171 in
968 3113 1277 3170 filamenta
1326 3115 1640 3172 incurvata
1679 3116 1950 3193 longiora
1998 3115 2312 3172 articulata

190 3229 354 3268 soros
422 3215 676 3290 tegentia
740 3214 1006 3281 abeunt3
1064 3213 1346 3269 interiora
1405 3215 1672 3290 granulis
1726 3215 1979 3272 minutis
2028 3216 2090 3271 in
2138 3214 2311 3270 series

192 3313 612 3369 transversales
641 3313 940 3390 dispositis
965 3315 1134 3370 initio
1172 3313 1499 3371 laxioribus
1532 3314 1798 3391 denique
1826 3315 2026 3372 farctis
2065 3313 2310 3387 repleta,

192 3408 256 3465 in
297 3427 500 3484 sporas
536 3421 1038 3471 transmutantur.
1083 3412 1286 3488 Sporae
1319 3424 1574 3471 maturae
1611 3414 1909 3489 pedicello
1951 3411 2311 3488 subhyalino

192 3509 335 3585 ipsis
360 3508 552 3586 duplo
579 3510 848 3569 breviore
879 3513 1159 3578 suffultae,
1205 3513 1872 3591 clavato-cylindraceae‚
1907 3511 2156 3568 materia
2178 3520 2314 3587 gra-

194 3607 411 3666 nulosa
432 3608 601 3666 initio
624 3611 686 3666 in
707 3629 964 3668 massam
990 3613 1312 3669 informem
1338 3613 1426 3669 vel
1450 3613 1511 3670 in
1536 3613 1823 3670 articulos
1842 3609 2311 3668 obsoletissimos

199 3706 510 3766 subdivisa
535 3707 831 3785 impletae3
871 3708 1163 3788 (denique
1200 3710 1258 3767 in
1296 3711 1626 3789 propagula
1668 3709 1981 3768 materiam
2014 3709 2314 3769 internam
