2508 4022
1074 252 1147 260 -—
1199 218 1323 274 120-
1355 251 1428 261 ——-

185 367 327 404 nem
350 358 408 402 et
430 346 793 401 characteres
818 346 1070 413 tentavi,
1099 341 1324 419 quibus
1350 362 1473 419 quo
1497 344 1793 400 difficilior
1818 347 1998 401 fuerit
2028 358 2286 405 conatus

186 467 255 503 eo
293 445 497 502 mitius
536 442 956 518 Algologorum
997 442 1294 518 judicium
1338 463 1570 518 sperare
1610 445 1887 500 audeam.

269 560 732 618 Characteribus
766 561 826 616 in
850 560 1160 636 speciebus
1176 557 1459 634 Algarum
1485 560 1682 637 generi
1709 559 1949 616 tributis
1968 570 2026 617 et
2049 561 2292 630 unicui-

188 683 308 739 que
335 663 493 717 notis
518 660 668 716 nihil
700 660 920 717 addere
941 661 1264 736 potuerim.
1294 657 1398 714 His
1430 667 1629 715 tamen
1664 660 1988 717 contrarias
2014 659 2295 716 observa-

184 766 376 820 tiones
401 760 724 817 nonnullas
744 758 959 838 adjecit
975 758 1087 816 Cel.
1118 755 1300 837 Baby
1318 755 1408 836 (in
1430 762 1518 816 II.
1538 779 1702 816 mem.
1718 778 1822 816 sur
1842 757 1927 817 les
1948 759 2296 838 Ceramiees)

188 881 337 938 quas
385 859 791 917 contradicere
838 877 1032 935 cogor.
1070 857 1345 914 Primum
1382 879 1564 934 nemp
1606 879 1824 934 sporas
1902 858 2097 915 forma
2142 879 2296 935 qua-

186 962 384 1018 dratas
405 961 466 1016 in
487 962 541 1015 P
566 956 877 1015 urceolam
901 958 1188 1014 invenisse
1211 958 1391 1025 dicit;
1421 979 1488 1014 ex
1514 957 1703 1035 figura
1725 968 1936 1015 autem
1958 959 2096 1016 data
2114 960 2294 1017 lucu-

187 1062 377 1118 lenter
413 1067 685 1135 apparet,
711 1057 882 1115 illum
912 1057 1154 1114 cellulas
1185 1058 1372 1133 ipsius
1400 1057 1763 1115 membranae
1796 1078 1906 1133 pro
1929 1058 2118 1133 sporis
2141 1058 2296 1114 male

188 1162 636 1234 interpretasse;
672 1165 904 1214 constat
932 1176 1150 1232 nempe
1188 1158 1594 1232 pericarpium
1631 1157 1810 1232 hujus
1840 1158 2053 1233 speciei
2077 1166 2145 1213 ut
2171 1176 2295 1213 om-

189 1263 364 1317 nium
404 1261 590 1317 totius
634 1259 858 1334 generis
895 1276 965 1313 ex
994 1256 1218 1313 cellulis
1263 1258 1570 1333 quadratis
1609 1269 1714 1314 ant
1749 1257 2292 1334 rectangularibUS,

193 1393 274 1404 -—
295 1380 428 1437 quae
454 1380 576 1416 non
601 1360 712 1415 nisi
740 1359 1256 1414 continuationem
1287 1359 1505 1413 sistunt
1533 1358 1888 1415 cellularum
1912 1359 2108 1433 ipsam
2132 1359 2301 1414 fron-

191 1462 331 1518 dem
371 1459 1045 1517 constituentium——in
1086 1456 1438 1513 Keramidiis
1464 1466 1691 1527 autem,
1737 1467 1805 1513 ut
1837 1457 1896 1512 in
1935 1459 2099 1513 omni
2128 1467 2296 1532 parte

193 1561 493 1619 terminali
555 1558 912 1615 abbreviatis
966 1567 1023 1613 et
1076 1557 1333 1612 formam
1390 1556 1749 1631 quadratam
1798 1557 1983 1631 magis
2041 1556 2299 1613 induen—

192 1660 377 1717 tibus.
421 1659 701 1714 Formant
726 1658 821 1713 hae
857 1656 1085 1714 cellulae
1111 1656 1283 1713 series
1314 1654 1775 1730 longitudinales
1800 1655 1968 1711 initio
1996 1655 2292 1730 simplices

197 1760 298 1818 sed
326 1760 692 1815 increscente
726 1755 1062 1814 keramidio
1097 1753 1513 1833 (plerumque)
1537 1757 1722 1831 magis
1753 1757 2062 1831 magisque
2089 1755 2304 1812 dicho-

194 1870 410 1929 tomas‚
451 1867 508 1914 et
540 1858 601 1914 in
634 1856 943 1914 nonnullis
989 1853 1300 1929 speciebus
1328 1856 1496 1929 apice
1521 1855 1773 1911 invicem
1801 1855 2049 1910 omnino
2079 1853 2304 1910 discre-

195 1970 300 2016 tas.
348 1960 467 2015 Nec
490 1957 704 2034 majori
742 1956 872 2032 jure
894 1954 1050 2033 (loco
1071 1956 1256 2010 citato
1283 1975 1344 2032 p.
1388 1952 1482 2031 10)
1504 1953 1913 2022 contenditur,
1953 1972 2155 2029 sporas
2181 1972 2304 2010 esse

197 2058 585 2116 membranae
608 2058 885 2114 extoriori
907 2055 1140 2121 affixas3
1180 2063 1325 2111 sunt
1345 2073 1562 2129 nempe
1588 2072 1821 2128 semper
1846 2053 1919 2109 ad
1962 2053 2303 2127 placentam

198 2158 519 2215 centralem
564 2159 623 2213 in
666 2156 857 2214 fundo
896 2153 1220 2211 Keramidii
1256 2153 1461 2222 affixae,
1508 2164 1582 2220 et,
1622 2153 1681 2206 ni
1708 2152 1969 2208 nimium
2007 2152 2195 2222 fallor,
2226 2151 2301 2207 ab

198 2260 478 2314 interiore
505 2267 686 2313 strato
717 2256 1072 2312 cellularum
1097 2253 1323 2309 frondis
1352 2252 1639 2308 formatae.

277 2359 734 2417 Distinctioncm
757 2359 1092 2433 specierum
1128 2371 1463 2427 earumque
1483 2352 1542 2408 in
1567 2350 1761 2406 tribus
1785 2350 2301 2406 coordinationem

202 2462 368 2537 quod
419 2462 660 2530 attinet,
693 2479 888 2535 pauca
930 2453 1346 2533 premononda
1394 2451 1604 2507 habeo,
1647 2449 1831 2506 Series
1872 2449 2025 2507 duas
2065 2460 2152 2506 sat
2177 2450 2304 2506 dis-

198 2563 412 2618 tinctas
444 2561 776 2616 discernere
814 2557 1058 2614 credidi.
1100 2555 1170 2610 In
1215 2553 1430 2629 prima,
1478 2551 1526 2607 si
1544 2551 1722 2606 sectio
1751 2549 1980 2605 frondis
2008 2559 2305 2605 transver-

203 2661 336 2718 salis
363 2660 732 2729 observatur,
768 2658 1014 2734 adparet
1037 2655 1223 2712 tubus
1250 2651 1523 2708 centralis
1551 2650 1789 2706 tenuior
1819 2649 1974 2705 cirea
2004 2668 2187 2725 quem
2226 2649 2305 2704 si-

202 2761 433 2837 phones
455 2758 882 2837 subcylindrici
901 2757 1334 2831 disponuntur,
1353 2750 1504 2807 tubo
1528 2749 1777 2806 centrali
1798 2749 2160 2826 plerumque
2182 2768 2306 2806 ma-

201 2860 372 2937 joreS,
388 2880 642 2917 numero
663 2859 976 2935 saepissime
1003 2857 1056 2926 5,
1078 2865 1182 2911 ant
1203 2854 1395 2910 rarius
1418 2849 1504 2928 (in
1527 2854 1594 2906 P.
1619 2846 2136 2926 breviarciculata)
2157 2848 2211 2904 4.
2246 2847 2305 2904 Si

207 2960 486 3035 siphones
512 2960 571 3014 in
595 2958 794 3034 plures
818 2978 940 3013 non
958 2950 1454 3018 subdividuntur,
1478 2949 1642 3024 quod
1669 2948 1833 3023 juxta
1854 2948 2300 3023 periphericum

207 3060 363 3115 latus
383 3078 616 3134 semper
641 3057 730 3128 fit,
759 3057 1038 3131 siphones
1060 3074 1126 3109 ex
1151 3050 1470 3127 superficie
1489 3051 1593 3106 visi
1614 3048 1910 3124 regulares
1930 3058 2226 3122 apparent
2247 3058 2305 3104 et

207 3167 331 3215 tota
360 3156 520 3213 frons
553 3157 866 3213 articulata
894 3155 1116 3210 dicitur
1153 3150 1399 3230 (Tribus
1435 3147 1584 3226 1-3);
1621 3147 1723 3204 Sin
1747 3166 1885 3203 vero
1928 3147 2207 3223 siphones
2242 3148 2303 3202 in

208 3255 409 3333 plures
428 3252 666 3310 cellulas
687 3253 1158 3310 subdividuntur
1173 3252 1367 3307 oritur
1384 3260 1543 3306 extra
1557 3260 1832 3317 stratum,
1860 3247 2027 3322 quod
2043 3247 2303 3322 siphoni-

210 3361 325 3413 bus
368 3355 480 3411 illis
523 3354 720 3430 quinis
762 3354 1169 3421 constituitur,
1210 3369 1437 3408 novum
1470 3349 1764 3406 tuborum
1813 3348 2302 3403 tenuissimorum

211 3466 463 3513 stratum
490 3453 937 3530 periphericum
963 3449 1370 3529 (1).Cellulae‚
1399 3469 1531 3526 quae
1561 3448 1676 3504 hoc
1696 3457 2007 3504 externum
2046 3456 2302 3503 stratum

270 3669 328 3724 (4)
362 3674 423 3711 De
452 3669 569 3711 modo
601 3668 718 3722 hujus
759 3669 984 3709 cellularum
1022 3666 1264 3708 formationis
1299 3667 1389 3707 vide
1425 3666 1633 3709 Dissertat.
1669 3673 1792 3706 nostr.
1835 3665 1875 3704 in
1913 3677 2008 3704 nov.
2045 3671 2121 3702 acl.
2161 3664 2300 3705 Natur,

213 3748 368 3790 Curios,
