2508 4022
1053 216 1407 290 '-15-

193 363 381 432 nienS,
407 361 606 418 colore
652 362 715 416 in
744 358 1143 417 rufescentem
1173 368 1470 435 vergente,
1510 357 1622 418 filis
1657 361 1864 437 crispis
1888 371 1944 417 et
1973 362 2119 419 serie
2154 361 2306 417 mul-

192 461 378 539 tiplici
411 460 769 518 cellularum
804 458 1214 535 distinguitur.

902 605 1133 681 Species
1161 600 1563 682 inquirenda:

194 746 290 804 36.
339 749 588 826 Bangia
618 742 994 804 Zanardinii
1025 744 1304 826 Meneglz.
1339 744 1458 802 litt.
1487 743 1576 802 ad
1609 745 1960 817 Corinaldi‚
1992 771 2049 804 η.
2083 770 2130 805 2.

776 927 854 965 lx.
906 908 1368 966 ENTEROMORPHA
1406 905 1578 966 Linls.
1618 905 1727 985 ref.

274 1073 459 1130 Frons
504 1072 798 1150 capillaris
830 1073 1084 1148 simplex
1112 1083 1218 1129 aut
1243 1090 1502 1146 ramosa,
1530 1071 1710 1147 plana
1734 1080 1840 1128 aut
1879 1071 2191 1146 tubulosa,
2224 1077 2312 1130 vi-

192 1174 335 1231 ridis
371 1173 649 1242 areolata,
691 1173 1032 1229 areolarum
1074 1170 1339 1227 seriebus
1382 1172 1718 1229 numerosis
1745 1171 2305 1249 longitudinalibUS,

193 1273 404 1330 areolis
433 1271 699 1348 sporidia
727 1290 923 1346 pauca
949 1269 1263 1327 indefinita
1298 1270 1773 1328 continentibus,
2016 1261 2022 1272 ⁵

274 1370 467 1442 Quale
496 1393 530 1428 a
570 1370 785 1428 Linkio
824 1381 882 1428 et
925 1369 1322 1447 sequentibus
1363 1369 1718 1428 auctoribus
1754 1371 1867 1428 fuit
1907 1369 2226 1427 definitum
2258 1385 2314 1429 et

193 1473 728 1548 circumscriptum
773 1492 995 1548 genus,
1040 1469 1156 1527 tale
1199 1469 1438 1526 retineri
1487 1490 1611 1526 non
1655 1489 1826 1545 posse
1866 1471 2017 1527 mihi
2056 1471 2311 1529 videtur.

196 1572 511 1630 Neminem
535 1571 689 1648 fugit
716 1570 888 1629 Ulvas
910 1571 1116 1647 planas
1145 1569 1377 1646 duplici
1399 1568 1755 1626 membrana
1779 1590 1903 1627 esse
1929 1573 2309 1641 constitutaS,

194 1683 254 1729 et
278 1674 484 1748 itaque
512 1673 754 1729 unicam
779 1671 1180 1728 differentiam
1196 1666 1699 1747 Enteromorphae
1717 1680 1775 1727 et
1800 1668 1974 1728 Ulvoe
1996 1672 2054 1728 in
2082 1691 2150 1727 eo
2174 1692 2317 1728 eon-

198 1775 424 1842 sistere,
458 1773 624 1848 quod
653 1773 714 1828 in
759 1770 913 1828 Ulva
937 1770 1310 1827 membranae
1332 1769 1560 1825 coalitae
1591 1779 1733 1826 sunt
1757 1780 1815 1826 et
1849 1772 2017 1846 quasi
2046 1772 2107 1828 in
2128 1791 2317 1828 mem-

194 1871 449 1927 branam
465 1870 765 1947 singulam
785 1890 852 1926 ex
862 1888 1090 1947 pansae-3
1114 1869 1175 1924 in
1197 1866 1674 1946 Enteromorplza
1686 1888 1824 1926 vero
1846 1870 2216 1927 membranae
2237 1871 2317 1927 ita

194 1971 322 2027 laxe
365 1971 688 2042 cohaerent,
734 1980 802 2027 ut
837 1968 1158 2046 saepissime
1199 1967 1541 2038 solvuntur,
1588 1968 1750 2025 unde
1792 1969 1955 2026 frons
1992 1970 2320 2026 necessarie

197 2071 484 2128 tubulosa
511 2070 730 2128 evadit.
769 2068 970 2140 Quam
1000 2068 1168 2146 parvi
1202 2069 1498 2124 momenti
1536 2069 1609 2125 sit
1645 2068 1744 2124 hic
1776 2067 2086 2125 character
2119 2069 2323 2144 plures

196 2172 418 2246 species
461 2170 482 2249 (
512 2171 672 2231 [slva
700 2189 1036 2250 compressa
1066 2180 1128 2226 et
1166 2171 1235 2226 U.
1280 2167 1483 2246 linza)
1529 2187 1780 2245 quoque
1818 2168 2020 2243 palam
2055 2169 2318 2238 faciunt,

197 2272 393 2349 stipite
419 2272 642 2330 harum
671 2272 798 2330 basi
824 2271 1110 2329 tubuloso
1133 2271 1196 2327 in
1217 2269 1494 2327 frondem
1522 2268 1769 2344 planam
1795 2269 2011 2344 saepius
2039 2269 2321 2325 abeunte.

200 2370 259 2428 Si
291 2373 503 2448 itaque
529 2369 1030 2450 Enteromorphoe
1068 2390 1258 2447 genus
1301 2369 1552 2427 ulterius
1585 2368 1973 2425 retinendum
2009 2370 2140 2439 erit,
2181 2372 2324 2425 Ent.

197 2468 529 2528 clathrata&
551 2481 611 2527 et
638 2472 905 2547 proxime
941 2469 1250 2539 affinibuS,
1284 2489 1550 2545 quarum
1574 2468 1806 2525 cellulae
1841 2466 2107 2525 seriebus
2135 2467 2324 2544 longi-

195 2569 432 2628 tunalib
445 2591 510 2627 us
540 2570 979 2645 disponuntur,
1007 2569 1337 2625 limitatum
1362 2568 1677 2625 voluerim,

197 2689 297 2765 37.
345 2693 487 2746 Ent.
519 2707 809 2767 percursa
839 2684 973 2745 nob.
1012 2691 1082 2744 U.
1105 2704 1394 2765 percursa
1429 2685 1557 2764 Ag.
1594 2704 1682 2764 sp.
1715 2706 1777 2763 p.
1803 2685 1938 2757 424.

266 2816 390 2864 Hah.
420 2817 468 2862 in
499 2815 638 2864 fossis
664 2814 893 2862 subsalsis
921 2814 1209 2870 salinarum3
1233 2827 1392 2877 prope
1420 2811 1581 2873 Cette,
1599 2827 1768 2859 mense
1794 2812 1980 2876 aprilis,
2002 2812 2118 2873 legi.

282 2949 400 3005 Fila
433 2950 494 3004 in
534 2947 751 3005 fronde
789 2945 1010 3023 juniori
1059 2942 1310 3000 omnino
1360 2942 1804 3012 confervoidea‚
1849 2942 2058 2998 areolis
2095 2939 2322 3016 singula

199 3051 346 3107 serie
372 3046 796 3125 longitudinali
824 3044 1147 3122 dispositis,
1184 3044 1449 3102 indivisis
1475 3052 1534 3099 et
1559 3043 1845 3100 articulos
1866 3040 2322 3098 mentientibus,

200 3148 411 3205 Postea
448 3168 585 3205 vero
628 3139 917 3203 divisione
960 3141 1388 3220 longitudinali
1424 3144 1485 3199 in
1519 3143 1691 3200 binas
1721 3143 2102 3211 dividuntur,
2134 3142 2214 3199 ita
2256 3150 2324 3198 ut

201 3248 412 3304 areolae
435 3247 721 3324 gemellae,
749 3247 902 3303 linea
923 3243 1165 3321 hyalina
1188 3243 1481 3313 discretae,
1501 3243 1830 3300 articulum
1856 3242 2164 3319 singulum
2191 3261 2323 3296 con-

205 3348 489 3404 stituunt.
533 3346 813 3422 Denique
857 3355 1043 3401 ternae
1070 3342 1467 3399 observantur
1501 3353 1560 3399 et
1591 3343 1840 3419 quidem
1879 3344 1958 3399 ita
1995 3341 2314 3417 dispositae,

203 3457 274 3504 ut
308 3445 395 3502 vel
436 3465 644 3501 omnes
685 3456 803 3502 tres
844 3445 906 3501 in
937 3444 1150 3501 eodem
1189 3444 1372 3519 plano
1414 3454 1773 3515 cernuntur,
1825 3442 1911 3498 vel
1954 3442 2320 3516 plerumque

202 3547 376 3605 tertia
403 3544 666 3622 gemellis
694 3547 867 3621 quasi
893 3543 1391 3622 superimposita3
1423 3563 1562 3620 quae
1586 3543 1832 3619 quidem
1863 3539 2171 3614 dispositio
2211 3558 2319 3614 per

205 3647 409 3723 plures
432 3646 715 3703 articulos
741 3648 1093 3704 continuata
1130 3643 1369 3701 frondes
1400 3645 1536 3702 stria
1558 3638 1976 3717 longitudinali
2004 3657 2320 3714 percursas

209 3749 518 3804 nominare
550 3746 799 3803 induxit.
