2508 4022
1118 235 1477 295 -103—

245 388 522 432 carnosa,
572 367 892 442 coloreque
948 366 1008 422 in
1055 367 1388 423 olivaeeum
1434 364 1602 420 facile
1647 362 1926 421 abeunte.
1954 363 2025 420 A
2075 360 2358 420 Clzondro

244 468 444 524 differt
468 479 590 524 tota
620 478 946 533 structura,
983 467 1199 523 habitu
1226 463 1554 540 aliquando
1583 484 1945 540 magnopere
1972 465 2352 522 conveniens.

250 608 378 682 195.
422 607 527 663 Gr.
550 606 805 685 filicina
828 605 954 685 Ag.
999 626 1087 684 sp.
1122 627 1180 685 ρ.
1216 607 1352 662 225.
1387 603 1534 662 Hal.
1562 616 1948 661 ramentacea
1981 602 2120 661 dell.
2153 584 2362 681 Cliiaj'e

321 705 521 785 Hyclr.
559 712 750 786 Neap.
780 711 838 764 T
828 704 927 764 ab.
958 711 1136 766 XVI.

308 827 436 873 Hab.
486 828 545 873 ad
572 844 683 875 saxa
710 829 910 874 sinuum
948 830 1199 891 majorum
1240 845 1338 875 non
1379 830 1597 876 nimium
1629 828 1872 886 demersa,
1908 830 1957 874 in
1993 835 2203 888 utroque
2238 828 2364 876 mari

240 915 450 978 passim3
479 917 527 960 in
554 915 915 962 Mediterraneo
944 931 1099 978 usque
1129 916 1188 962 ad
1215 916 1445 973 Pozzuoli
1474 918 1612 978 regni
1636 915 1948 980 Neapolitani
1973 915 2092 977 legi.

250 1037 375 1116 194.
422 1045 530 1097 Gr.
561 1037 902 1096 dz‘clzotoma
926 1058 1056 1096 nos).
1088 1059 1176 1117 sp.
1207 1061 1220 1095 :
1246 1040 1457 1096 fronde
1479 1040 2242 1116 cylindraceo-eompressa
2268 1038 2363 1096 di-

324 1139 955 1216 chotomo-sastigiata,
986 1141 1304 1215 segmentis
1345 1141 1693 1215 patentibus
1732 1140 2058 1196 linearibus
2083 1184 2097 1209 ‚
2137 1140 2364 1197 ultimis

321 1260 475 1314 saepc
526 1239 1279 1316 elongato-ensisormilous5
1316 1239 1634 1297 favellisliis
1684 1241 1745 1297 in
1797 1240 2112 1317 segmentis
2157 1241 2365 1296 termi-

318 1338 580 1396 nalibus.

308 1441 438 1487 Hab.
471 1439 531 1487 ad
560 1457 705 1505 rupes
741 1451 786 1488 et
815 1458 926 1489 saxa
964 1443 1153 1488 refluxu
1190 1445 1339 1489 maris
1381 1443 1668 1492 subemersa
1693 1447 1743 1491 in
1772 1446 1978 1492 sinubus
2004 1445 2366 1494 vehementiori

236 1531 359 1575 mari
389 1528 719 1591 subexpositis
746 1530 803 1575 ad
826 1531 990 1576 littora
1012 1529 1433 1592 Galloprovineiae
1457 1541 1501 1577 et
1520 1533 1685 1579 Nicea»,
1708 1548 1867 1580 mens.
1893 1542 2015 1596 sept.
2037 1541 2084 1579 et
2106 1542 2206 1582 oct.
2231 1533 2360 1594 legi3

236 1618 384 1662 etiam
415 1633 438 1661 a
464 1615 617 1675 Risu),
654 1617 856 1663 Giramli
880 1625 925 1663 et
950 1617 1108 1663 Solier
1132 1619 1528 1664 communicata.

304 1721 523 1768 Frondes
570 1725 592 1768 1
637 1723 1044 1784 1s2-3pollieares
1091 1741 1115 1769 a
1152 1723 1255 1769 basi
1302 1730 1488 1768 scutata
1537 1724 1833 1786 caespitosae‚
1882 1737 1971 1784 per
2025 1721 2364 1770 dichotomias

238 1823 526 1854 numerosas
548 1808 909 1855 subflabellato-
928 1810 1202 1871 l'astigialae.
1226 1812 1495 1872 Segmenta
1524 1812 1727 1855 omnino
1759 1808 1962 1855 linearia
1983 1818 2027 1853 et
2048 1809 2236 1855 lineam
2262 1811 2360 1856 sere

235 1894 350 1953 lata,
382 1910 530 1958 super
568 1895 737 1941 axillas
772 1897 1101 1942 acutiusculas
1128 1897 1374 1958 patentia;
1405 1897 1687 1942 terminalia
1712 1895 1889 1942 obtusa
1927 1896 2195 1958 aliquando
2224 1899 2363 1959 quasi

236 1982 812 2039 articulato-constricta,
843 1985 1023 2046 saepins
1050 1984 1190 2028 valde
1220 1982 1449 2045 elongata
1478 1985 1684 2029 incurva
1730 1983 1784 2027 in
1807 1983 2061 2045 superiore
2091 1991 2228 2045 parte
2256 1983 2368 2044 glo-

234 2069 453 2116 merulos
489 2085 752 2132 sperarum
790 2072 1027 2132 gerentia.
1054 2097 1112 2104 —
1137 2070 1289 2115 Color
1325 2079 1373 2114 et
1418 2069 1691 2115 substantia
1733 2068 2089 2126 antecedentis,
2132 2069 2232 2121 cui,
2276 2071 2367 2115 nisi

234 2163 337 2203 tota
384 2155 600 2202 obstaret
642 2157 956 2215 ramificati0‚
993 2156 1265 2205 Cleandrum
1291 2159 1457 2219 potins
1492 2155 1720 2214 suadens,
1752 2155 1979 2201 lubenter
2005 2155 2363 2219 adjunxissem.

244 2281 372 2355 195.
403 2285 511 2339 Gr.
538 2280 937 2338 verrzcczclosa
969 2287 1143 2341 Grev.
1178 2279 1316 2359 Sph.
1342 2279 1771 2336 verrzcczcloszcs
1790 2279 1916 2357 Ag.
1945 2299 2030 2358 Sp.
2056 2300 2117 2357 p.
2152 2279 2283 2337 265.

304 2400 433 2446 Hah.
454 2401 513 2446 ad
531 2417 676 2464 rupes
692 2400 883 2447 refluxu
900 2402 1050 2446 maris
1083 2415 1296 2446 emersas
1318 2400 1519 2461 soleque
1540 2401 1806 2462 expositas,
1830 2398 1888 2444 ad
1909 2398 2074 2445 littora
2097 2399 2365 2464 Gallopro-

236 2487 412 2532 vinciae
432 2493 478 2533 et
498 2486 655 2533 Italiae
680 2488 983 2550 superioris3
1016 2502 1073 2532 ex
1101 2488 1303 2533 Corsica
1331 2487 1613 2547 giganteam
1635 2488 1772 2532 misit
1793 2482 2019 2534 Leveille'!

317 2619 473 2673 Cum
509 2618 673 2694 signo
702 2616 877 2674 dubii
903 2638 936 2671 a
964 2616 1216 2673 Greville
1256 2617 1331 2672 ad
1375 2615 1837 2696 Gratelonpiam
1874 2618 2055 2675 relata
2078 2662 2092 2689 ‚
2132 2636 2228 2673 me
2259 2615 2364 2693 ju-

235 2717 392 2785 dice,
420 2719 648 2795 generis
672 2737 761 2793 sp.
791 2719 1074 2794 genuina.

752 2903 910 2940 Lxm.
950 2884 1273 2942 GIGARTINA
1303 2889 1584 2942 Lamozcr.
1605 2882 1840 2962 reform.

251 3048 253 3051 ’
322 3049 502 3105 Frons
530 3047 759 3105 cellulis
788 3048 1189 3124 multangulis
1221 3051 1281 3105 in
1305 3048 1406 3105 fila
1430 3051 1939 3107 anastomosantia
1964 3050 2329 3109 coordinatis
2351 3094 2365 3116 ‚

235 3149 297 3202 in
339 3159 542 3204 centro
574 3147 988 3219 densioribUS‚
1030 3168 1231 3204 versus
1271 3149 1652 3225 superficiem
1695 3151 1756 3205 in
1795 3149 1895 3204 fila
1928 3152 2362 3207 moniliformia

237 3245 588 3303 densissime
621 3250 842 3323 stipata
863 3247 1233 3304 abeuntibus
1256 3250 1603 3306 constituta.
1643 3251 1900 3307 Fructus
1931 3250 2161 3326 duplex
2192 3273 2205 3305 ε
2238 3258 2365 3307 Fa-

236 3344 483 3402 vellidia
526 3347 682 3403 intra
728 3358 985 3405 stratum
1027 3358 1377 3418 externum,
1423 3351 1484 3405 in
1530 3352 1934 3427 pericarpium
1974 3351 2366 3427 subregulare

239 3444 495 3520 denique
522 3455 845 3520 pertusum
871 3448 1077 3504 abiens
1098 3492 1111 3517 ,
1157 3448 1499 3506 nidulantia
1522 3496 1536 3519 ‚
1580 3451 1735 3507 intra
1762 3451 2084 3506 reticulum
2115 3449 2361 3506 filorum

238 3548 827 3602 anastomosantium
866 3548 1140 3623 undique
1169 3547 1572 3606 ambientium
1616 3570 1818 3626 speras
1853 3550 1910 3603 in
1951 3548 2360 3624 glomerulum

239 3654 547 3721 congestas
570 3644 845 3703 foventia.
872 3646 1324 3726 Splzoerosporoe
1346 3649 1642 3725 oblongae,
1667 3672 1696 3704 e
1721 3649 1947 3704 cellulis
1970 3648 2362 3724 periphericis

238 3744 533 3821 formatae,
563 3747 625 3803 in
662 3765 867 3823 speras
892 3748 932 3819 [4
963 3748 1178 3806 divisae.
1204 3781 1285 3792 —-
1306 3748 1463 3825 Algae
1503 3749 1842 3826 cylindrieae
1867 3759 1974 3805 aut
2005 3767 2364 3825 compressae
