2508 4022
1098 215 1418 267 —19—

209 343 390 399 ramis
434 340 680 398 filorum
723 336 1106 395 inferioribus
1134 336 1601 394 ‘subdivaricatis
1640 336 2096 403 intricantibuS,
2127 356 2308 412 supe-

205 440 466 497 rioribus
489 436 895 496 erectiusculis
916 437 1084 512 apice
1105 433 1381 513 penicillo
1405 434 1976 493 lineari-lanceolam
2003 435 2305 511 plumam,

206 540 492 595 ramentis
545 538 814 595 distichis
864 534 1238 612 simplicibus
1277 532 1634 590 abbreviatis
1679 533 2165 612 subaequilongis.
2201 539 2303 594 ΒΓ.

207 635 582 697 Balbisz‘ana
617 639 741 718 Ag.
771 656 907 716 syn.
931 656 991 713 p.
1021 633 1161 712 449,
1194 632 1374 712 (excl.
1405 651 1538 713 Syn.
1569 634 1869 709 Lamour.)

276 783 406 831 Hab.
438 786 487 829 in
517 783 724 830 sinubus
751 781 862 827 luce
893 782 1053 843 magis
1096 780 1334 844 expositis
1357 775 1704 839 undarumque
1742 775 1973 823 violentia
1999 777 2210 835 infestis;
2251 778 2311 825 ad

207 871 445 926 Livorno,
470 869 715 926 Genuam,
747 866 1034 926 Massiliam,
1060 874 1155 913 etc.
1190 864 1314 927 legi3
1343 880 1404 911 ex
1427 863 1671 910 Adriatico
1700 861 1831 909 dedit
1851 862 2123 912 Biasoletto.

274 985 508 1030 Formam
532 995 648 1029 cum
673 979 991 1027 antecedente
1019 978 1279 1025 confusam
1325 977 1628 1037 distinguere
1652 976 1810 1036 volui,
1833 984 1882 1021 et
1902 975 2075 1023 habitu
2100 979 2315 1025 maxime

207 1069 454 1116 diversam
475 1083 565 1133 pro
591 1068 754 1130 specie
790 1066 980 1113 diversa
1024 1066 1180 1110 immo
1219 1062 1398 1110 habui.
1448 1064 1686 1126 Caespites
1729 1077 1879 1125 quam
1923 1064 1971 1108 in
2001 1063 2316 1110 antecedente

206 1155 368 1203 multo
392 1151 557 1202 minus
581 1154 793 1199 nitentes
817 1159 862 1198 et
891 1152 1049 1213 magis
1063 1148 1500 1214 prasino-virides,
1531 1147 1824 1212 plerumque
1859 1149 1925 1193 ita
1952 1148 2156 1194 ramulis
2179 1148 2290 1195 diva
2311 1176 2320 1184 -

205 1243 370 1289 ricatis
396 1241 610 1287 intricati
634 1248 686 1285 ut
713 1240 793 1285 vix
819 1244 1191 1299 extorquentur.
1221 1234 1324 1282 Fila
1355 1236 1510 1281 rarius
1538 1233 1893 1298 subsimplicia,
1918 1235 2186 1297 saepissime
2213 1234 2322 1298 plus

209 1328 375 1373 minus
394 1340 586 1372 ramosa
603 1325 753 1370 ramis
774 1323 1073 1381 divaricatis,
1093 1336 1226 1367 nunc
1247 1322 1385 1383 apice
1412 1318 1544 1366 nuda
1562 1335 1694 1366 nunc
1713 1319 2204 1383 plumosa.Ramenta
2227 1319 2322 1365 dis-

208 1411 340 1460 tiche
365 1411 686 1474 egredientia,
718 1411 990 1475 saepissime
1032 1409 1216 1455 lineam
1248 1422 1347 1453 non
1382 1406 1550 1470 longa,
1581 1408 1751 1454 omnia
1782 1405 2093 1467 longitudine
2127 1406 2322 1468 aequali,

209 1508 292 1547 aut
318 1498 480 1545 media
503 1499 586 1545 vix
621 1496 965 1559 sublongiora,
1008 1495 1165 1541 rarius
1198 1495 1249 1539 in
1278 1508 1442 1540 ramos
1468 1492 1648 1539 eodem
1684 1492 1836 1539 modo
1863 1492 2112 1556 plumatos
2134 1507 2323 1538 excres-

207 1587 468 1634 centia.—
492 1584 763 1645 Sequentes
788 1585 950 1643 itaque
975 1581 1154 1627 formas
1182 1579 1483 1641 distinguere
1506 1578 1620 1626 licet
1649 1594 1658 1623 :

301 1717 347 1764 1⁰
393 1705 626 1765 Nuda:
661 1706 841 1764 ramis
883 1707 1051 1781 apice
1095 1724 1216 1761 non
1274 1704 1582 1776 plumatis.
1639 1707 1709 1759 Β.
1750 1698 2113 1760 Balbisiana
2160 1704 2323 1758 Lam.

208 1826 316 1866 ess,
356 1828 415 1884 p.
455 1806 550 1862 65.

295 1915 348 1962 2⁰
377 1903 904 1984 Simpliciuscula:
935 1901 1255 1960 frondibus
1284 1903 1533 1959 ramosis
1564 1903 1732 1976 apice
1761 1901 2064 1979 plumatis.
2099 1905 2201 1957 ΒΓ.
2227 1919 2331 1955 cze-

203 2004 482 2086 pressina
501 2006 626 2086 Ag.
650 2004 772 2085 sp..p
803 2026 928 2063 non
954 2009 1235 2063 Lamour.

294 2106 349 2165 3⁰
393 2106 737 2187 Prolffera:
767 2106 1086 2164 frondibus
1112 2102 1662 2180 ramoso-elongatis
1691 2100 1998 2180 pluniatiS‚
2026 2099 2333 2155 nonnullis

210 2209 500 2286 elongatis
528 2209 694 2288 apice
723 2207 1034 2283 plumatis.

293 2310 390 2385 49.
443 2308 543 2366 ΒΓ.
586 2312 771 2365 Rosae
810 2307 938 2385 Ag.
984 2317 1128 2386 Syst.
1171 2325 1233 2383 p.
1281 2323 1392 2383 179
1421 2302 1671 2360 :fronde
1697 2299 2071 2379 pyramidata
2111 2298 2335 2376 pluries

213 2409 501 2484 pinnata,
550 2409 750 2484 pinnis
794 2402 1206 2463 erectiusculis
1254 2405 1406 2460 infra
1448 2402 1721 2458 medium
1755 2401 2042 2477 plumatis
2072 2400 2335 2456 circum-

214 2508 538 2583 scriptione
583 2506 924 2563 lanceolatis
944 2550 958 2576 ‚
1002 2504 1269 2581 pinnulis
1296 2503 1567 2559 distichis
1597 2499 2095 2566 subdistantib'uS,
2125 2498 2334 2554 mediis

215 2607 590 2684 longioribus
618 2604 1000 2682 simplicibus
1028 2616 1138 2660 aut
1158 2603 1551 2659 conformiter
1574 2601 1928 2676 pinnellatis.

284 2734 413 2781 Hab.
439 2733 596 2779 rarius
620 2733 668 2778 in
687 2741 900 2794 utroque
925 2731 1077 2786 mari3
1105 2745 1129 2776 a
1150 2730 1386 2790 Tergesto
1414 2742 1574 2790 usque
1601 2725 1661 2774 ad
1681 2726 1895 2772 insulam
1919 2727 2052 2787 Pago
2077 2722 2335 2770 Dalmatiae

216 2819 504 2876 Biasolett03
529 2835 554 2866 e
580 2819 744 2865 littore
761 2817 1180 2883 Galloprovinciae
1205 2815 1360 2863 Solier
1375 2823 1424 2861 et
1446 2812 1781 2873 Perreymond.
1979 2796 1986 2799 s

287 2934 476 2981 Ceteris
499 2932 794 2997 plerumque
816 2931 993 2993 major,
1022 2929 1134 2994 plus
1156 2931 1320 2975 minus
1336 2929 1696 2991 decomposita.
1722 2927 1893 2973 Pinnae
1920 2923 2238 2988 pinnulaeque
2257 2925 2336 2969 in—

222 3020 294 3066 fra
320 3020 543 3066 medium
569 3019 828 3082 plumatae,
853 3017 1310 3080 circumscriptione
1345 3015 1631 3062 lanceolatae
1669 3012 1731 3061 ob
1755 3013 1931 3077 pinnas
1956 3010 2145 3058 medias
2172 3009 2336 3072 majo-

221 3121 298 3153 res
336 3115 383 3152 et
421 3107 718 3171 plerumque
753 3105 1076 3168 compositas,
1105 3101 1286 3149 infimis
1323 3103 1670 3166 supremisque
1704 3096 2106 3163 subsimplicibus
2138 3096 2336 3142 brevio-

222 3191 375 3239 ribus.

299 3294 514 3363 Quum
542 3295 870 3371 specimina
892 3293 1057 3356 nulla
1080 3292 1429 3349 authentica
1450 3291 1526 3348 ad
1552 3310 1770 3347 manus
1794 3288 1990 3345 habeo
2008 3298 2335 3363 synonyma

222 3393 433 3450 afferre
456 3395 625 3451 nolui
647 3419 662 3461 ;
701 3394 922 3470 plantae
947 3402 1154 3450 autem
1179 3392 1241 3448 in
1277 3402 1610 3468 systematae
1639 3390 1922 3467 Algarum
1943 3407 2012 3443 ex
2036 3382 2338 3442 Adriatico

226 3497 422 3552 citatae
447 3505 715 3551 nostram
741 3494 1064 3550 identicam
1090 3511 1235 3566 esse,
1261 3510 1482 3567 parum
1507 3491 1744 3550 dubito,

231 3612 324 3669 50.
352 3619 451 3671 ΒΓ.
482 3630 758 3669 muscosa
780 3616 1054 3669 Lamour.
1076 3631 1240 3668 mem.
1259 3631 1318 3688 p.
1351 3608 1555 3690 135.f.
1584 3611 1621 3681 4
1646 3631 1660 3665 2
1687 3606 1890 3664 fronde
1913 3601 2242 3661 claviformi'
2265 3601 2341 3657 ri-

291 3712 648 3788 gidiuscula,
665 3713 951 3770 ramentis
969 3712 1244 3786 undique
1261 3711 1705 3786 egredientibus
1723 3708 1829 3764 sim
1839 3703 2093 3781 plicibus
2109 3700 2309 3779 rigidis
2326 3744 2338 3767 ,
