2508 4022
871 400 947 434 iv.
979 379 1386 437 D1PLOTR1cH1A
1418 376 1554 435 nob.

261 543 376 598 Fila
406 538 696 615 simplicia
723 541 883 597 intus
924 540 1233 609 annulata,
1274 559 1308 594 a
1345 537 1591 613 globulo
1629 538 2071 613 hemispherico
2111 559 2277 615 egre-

176 640 394 696 dientia
420 637 580 707 bina,
609 658 640 693 e
665 648 848 695 strato
878 638 1196 695 medullari
1222 636 1534 703 radiantia,
1563 636 1801 693 sacculo
1843 637 2273 713 mucilaginoso

174 738 301 794 basi
327 737 541 809 cincta,
563 737 624 793 in
653 738 929 793 frondem
959 738 1346 813 gelatinosam
1371 736 1547 813 (saepe
1571 737 1941 812 separatione
1970 736 2271 812 inflatam)

176 838 302 892 laxe
328 835 636 911 disposita.

258 934 525 991 Stratum
552 937 724 1011 quasi
747 945 1090 1010 separatum
1131 934 1462 991 medullare
1492 933 1660 991 initio
1703 933 1903 1002 adest3
1939 943 2000 990 at
2020 933 2283 1008 denique

177 1032 382 1089 inflata
426 1031 638 1090 fronde
679 1053 893 1109 parum
935 1035 1346 1108 perspicuum.
1392 1031 1548 1089 Huic
1587 1032 1961 1109 proximum,
1996 1031 2087 1088 vel
2119 1030 2283 1106 juxta

176 1132 347 1188 basin
373 1130 617 1189 filorum
640 1132 1008 1188 radiantium
1036 1176 1050 1202 ‚
1080 1131 1474 1189 observantur
1496 1131 1717 1188 sacculi
1757 1141 1843 1187 sat
1867 1131 2066 1206 magni
2098 1149 2285 1185 mem-

179 1230 368 1287 brana
425 1231 662 1307 hyalina
724 1241 1064 1288 constantes
1097 1275 1112 1301 ‚
1171 1229 1271 1287 fila
1306 1231 1598 1307 spiraliter
1633 1230 1952 1286 convoluta
2015 1229 2280 1305 gemina,

177 1329 364 1386 altero
395 1329 626 1404 majori,
654 1328 781 1386 basi
803 1328 1279 1387 subcohaerentia
1298 1329 1693 1385 includentes.
1716 1324 1798 1384 Ut
1822 1329 1881 1384 in
1908 1346 2019 1384 ovo
2040 1325 2284 1382 animali

179 1448 332 1484 nova
360 1429 575 1503 proleS,
611 1429 692 1484 sic
737 1449 770 1484 a
799 1437 1087 1484 contentu
1126 1426 1348 1483 sacculi
1376 1426 1494 1502 jam
1526 1428 1586 1482 in
1630 1429 1760 1502 ipso
1789 1425 1892 1482 fila
1929 1426 2174 1482 formari
2204 1426 2289 1482 vi-

183 1527 425 1597 dentur,
473 1527 642 1583 initio
691 1527 986 1602 spiraliter
1033 1525 1390 1595 convoluta,
1435 1525 1534 1582 sed
1570 1545 1710 1580 mox
1753 1545 1875 1582 sese
1914 1526 2194 1601 erigentia
2231 1534 2289 1580 et

180 1624 596 1680 membranam
622 1622 843 1681 sacculi
868 1623 1265 1693 extendentia,
1293 1624 1484 1680 donec
1512 1621 1684 1680 illum
1711 1623 1976 1699 denique
2001 1644 2289 1699 perrum-

180 1734 338 1797 punt
371 1721 442 1800 (2)
471 1733 527 1779 et
565 1724 722 1781 illius
754 1723 993 1780 residua
1029 1724 1200 1799 quasi
1228 1722 1481 1798 gelatina
1510 1722 1780 1779 informis
1830 1721 1903 1777 ad
1943 1721 2115 1778 basin
2152 1720 2289 1777 filo-

180 1842 319 1878 rum
345 1822 755 1879 observantur.
775 1822 895 1878 Fila
921 1823 1001 1877 ita
1026 1822 1280 1878 formata
1307 1831 1449 1878 sunt
1480 1822 1822 1896 longissime
1852 1821 2099 1892 clavata,
2128 1822 2291 1876 intus

181 1921 492 1992 annulata,
520 1921 649 1977 basi
677 1941 827 1996 saepe
858 1920 1062 1977 adhuc
1092 1929 1252 1976 torto
1282 1929 1341 1976 et
1362 1919 1598 1975 annulis
1622 1918 1848 1975 ibidem
1880 1918 2289 1976 subdiscretis.

264 2019 585 2077 Rivalaria
610 2017 851 2077 bullata
886 2040 963 2075 an
1002 2021 1181 2076 etiam
1209 2019 1332 2075 huc
1360 2016 1704 2074 referenda?

183 2138 242 2195 6.
272 2138 357 2195 D.
382 2138 647 2218 polyotz's
666 2158 797 2195 nov,
839 2157 927 2217 sp.
965 2137 1197 2194 Fronde
1236 2156 1453 2213 magna
1485 2137 1614 2194 laete
1638 2137 2023 2194 viridescente
2065 2136 2292 2192 inflato—

267 2239 520 2309 bullata‚
556 2239 708 2295 lobis
740 2236 1152 2295 conformibus
1176 2238 1530 2294 numerosis.

253 2380 374 2430 Hab.
407 2383 457 2428 in
484 2380 652 2428 Insula
677 2382 811 2443 Pago
840 2378 986 2444 (anne
1003 2381 1227 2426 marina?
1248 2376 1291 2443 );
1316 2394 1387 2443 sp.
1416 2378 1528 2425 ded.
1554 2378 1831 2427 Biasoletw.

270 2511 529 2568 Frondes
559 2530 716 2566 nuce
741 2509 1001 2567 avellana
1028 2507 1301 2584 majores,
1329 2508 1594 2583 denique
1639 2507 1897 2583 globosae
1934 2517 1994 2564 et
2018 2526 2175 2563 cavae
2210 2507 2298 2562 vi·-

187 2610 433 2682 dentur‚
457 2610 669 2667 habitu
689 2615 930 2667 Noscoc.
943 2604 1318 2686 pruniforme
1339 2627 1462 2663 non
1488 2606 1643 2663 male
1668 2605 2118 2676 referenteS‚scd
2146 2615 2298 2661 stru-

188 2720 365 2767 ctura
390 2709 813 2767 diversissimae.

365 2916 438 2972 11.
486 2913 1129 2972 OSCILLATORIEAE.
1178 2913 1304 2992 Ag.
1349 2922 1500 2991 syst.
1527 2932 1588 2989 p.
1628 2912 1722 2984 24,
1753 2911 1911 2969 excl.
1937 2930 2136 2991 gener.

279 3100 535 3156 Fructus
556 3096 1101 3154 Oscillatoriearum
1119 3094 1290 3152 valde
1312 3089 1844 3167 obscuri‚'‹luplicis
1863 3093 2057 3148 forsan
2070 3092 2297 3148 formae.
2389 3133 2393 3137 .

209 3207 255 3253 1⁰
283 3198 550 3255 ,Annulos
576 3198 729 3252 intra
756 3196 979 3252 tubum
1005 3195 1233 3252 frondis
1270 3194 1543 3262 mobiles,
1569 3192 1827 3267 denique
1860 3190 2215 3246 rotundatos
2246 3200 2305 3246 et

199 3316 401 3354 versus
427 3297 659 3372 apicem
694 3295 1002 3372 hyalinum
1030 3295 1471 3371 progredientes
1498 3292 1616 3349 vidi
1644 3290 1742 3368 (an
1781 3290 2047 3366 denique
2073 3290 2304 3364 elapsos

203 3410 261 3455 et
290 3402 349 3455 in
375 3399 635 3475 sporidia
654 3397 898 3454 mobilia
916 3398 1141 3455 solutos
1156 3397 1205 3476 ἒ)
1219 3406 1275 3453 2⁰
1297 3397 1669 3473 Coniocystoe
1690 3389 1767 3469 (ἶ)
1785 3391 1859 3447 ad
1884 3389 1984 3448 fila
2006 3389 2301 3456 laterales3

205 3519 278 3554 an
305 3498 570 3574 denique
595 3509 877 3572 separatae
901 3505 959 3552 et
982 3496 1043 3552 in
1069 3496 1293 3553 tubum
1333 3496 1475 3571 ipsae
1500 3492 1787 3569 elongatae
1821 3488 1912 3569 (ut
1947 3492 2008 3547 in
2033 3487 2308 3547 Vauche-

211 3603 311 3659 riis
367 3600 492 3657 fieri
539 3597 786 3676 dicitur)
834 3598 921 3657 vel
977 3599 1130 3656 intra
1175 3598 1588 3656 membranam
1627 3594 1878 3651 demum
1925 3599 2306 3666 rumpentem

213 3700 435 3757 tubum
461 3701 845 3775 generantes?
