2508 4022
1125 247 1201 255 -.
1245 214 1323 270 36
1364 247 1443 255 -..

227 350 371 398 sunt
403 338 671 397 vesiculae
709 340 768 393 in
805 337 1119 395 frondibus
1143 338 1584 415 Dictyotearum
1623 339 1971 406 observatae;
2009 349 2095 396 est
2133 359 2325 397 mem-

227 440 414 497 brana
437 456 656 513 nempe
672 436 1079 512 epidermidis,
1097 456 1234 512 quae
1249 436 1326 492 ab
1347 438 1626 494 interiore
1648 448 1954 513 separatur
1975 448 2032 494 et
2053 437 2320 511 inflatur,

225 539 373 595 dum
404 536 568 593 strati
600 536 895 592 interioris
924 556 1059 612 pars
1083 535 1390 592 denudata
1419 537 1634 592 sensim
1669 555 1824 592 novo
1849 535 2218 612 epidermide
2243 547 2324 593 te-

221 638 398 713 gitur,
434 654 570 710 quae
615 634 944 710 aliquando
974 634 1257 711 sporifera
1287 634 1504 705 evadit,
1544 635 1703 692 unde
1733 654 1925 711 sporae
1957 646 2105 693 tunc
2138 656 2324 693 mern-

218 736 404 791 brana
446 734 679 810 duplici
710 745 1003 810 coopertae
1041 743 1200 790 sunt.

299 833 481 902 Quod
510 833 769 891 alterum
796 835 1006 890 attinet
1027 829 1511 890 fructificationis
1541 854 1729 910 genus
1748 877 1762 902 ,
1788 834 1845 888 in
1873 832 2114 891 diversis
2149 854 2329 911 gene-

216 933 385 990 ribus
411 943 500 991 sat
517 934 805 1010 insignem
829 933 1072 990 existere
1097 931 1496 989 differentiam
1527 931 1645 1009 jam
1681 933 1910 989 monui.
1940 933 2007 988 In
2034 932 2327 1010 Dictyota

215 1043 274 1090 ot
294 1032 588 1113 Halyseri
607 1044 676 1090 ut
705 1053 895 1109 sporae
917 1052 1134 1108 sparsae
1161 1033 1260 1088 sed
1285 1030 1555 1108 ejusdem
1591 1043 1824 1089 naturae
1850 1053 1918 1088 ae
1949 1052 2142 1108 sporae
2162 1053 2329 1090 soro-

213 1151 354 1190 rum
378 1133 554 1210 vulgo
576 1133 1018 1202 existimantur3
1046 1131 1198 1187 mihi
1223 1132 1313 1188 vix
1337 1131 1416 1188 ita
1447 1131 1897 1188 considerandae
1932 1130 2231 1189 videntur.
2258 1132 2326 1189 In

212 1231 454 1290 diversis
483 1233 646 1288 enim
681 1230 1007 1287 individuis
1037 1251 1275 1306 semper
1309 1230 1624 1301 obvenire,
1649 1230 1773 1305 ipsa
1815 1232 2014 1287 frondi
2043 1232 2327 1288 immersa

209 1351 365 1402 esse,
394 1341 452 1388 et
472 1350 815 1407 numquam
847 1331 1056 1387 formae
1077 1341 1166 1387 sat
1187 1329 1452 1387 definitae
1486 1341 1812 1406 apparent3
1859 1331 2009 1386 mihi
2044 1350 2154 1386 nec
2187 1351 2329 1387 um—

210 1449 399 1506 quam
425 1431 673 1507 contigit
690 1448 932 1507 sporam
965 1429 1144 1486 talem
1169 1429 1399 1485 nudam
1432 1439 1492 1485 et
1523 1449 1555 1484 a
1589 1429 1868 1485 cellulosa
1888 1439 2220 1505 separatam
2244 1431 2328 1486 vi-

206 1531 380 1598 dere3
415 1532 617 1607 potius
648 1530 851 1605 itaque
885 1540 951 1585 ut
982 1527 1245 1604 sporidia
1273 1546 1602 1583 numerosa
1637 1529 1697 1582 in
1722 1527 1933 1583 cellula
1955 1529 2326 1607 sporaeformi

207 1639 515 1706 aggregata
538 1627 972 1685 consideranda
993 1646 1114 1683 esse
1130 1627 1546 1683 existimarem.
1573 1625 1643 1681 In
1660 1624 1910 1683 Padina
1921 1630 2189 1704 paeonia
2206 1628 2327 1685 vidi

205 1726 548 1804 caespitulos
578 1728 848 1784 minutos
882 1725 952 1804 (a
989 1727 1180 1801 sporis
1217 1724 1549 1803 separatos)
1572 1745 1641 1781 ex
1676 1724 1790 1783 filis
1808 1771 1824 1799 ,
1852 1725 2329 1804 Sporochnorum

205 1828 325 1883 sere
363 1826 691 1897 similibus,
722 1826 1083 1882 constitutos
1122 1826 1400 1898 ramosi-S,
1443 1826 1590 1881 etin
1627 1827 1808 1882 ramis
1845 1826 2328 1885 clavaeformibus

208 1925 387 1982 series
428 1925 844 1982 transversales
880 1922 1278 1999 gra'nulorum
1305 1924 1672 1999 gerentibus,
1713 1925 2039 1982 Filamenta
2069 1925 2178 1982 ista
2204 1927 2330 1983 cla-

211 2022 819 2090 vato-moniliformia,
839 2021 1055 2096 quaein
1075 2023 1298 2079 caeteris
1320 2022 1598 2097 plurimis
1611 2022 2063 2101 Dictyotearum
2095 2027 2332 2101 generi-

202 2120 326 2178 bus
341 2121 654 2178 observata
667 2120 934 2188 fuerunt,
951 2118 1406 2178 fructificationi
1427 2123 1726 2197 pertinere
1747 2125 1838 2179 vix
1857 2122 2094 2180 dubito.
2116 2122 2330 2200 Cujus-

209 2238 352 2275 nam
377 2229 581 2276 autem
609 2230 838 2278 naturae
866 2222 983 2277 sint
1004 2219 1171 2276 haud
1202 2220 1410 2295 liquet.
1437 2220 1527 2277 An
1559 2221 1750 2296 sporis
1792 2222 2005 2297 sparsis
2036 2222 2329 2301 Dictyotae

207 2317 471 2394 analogae
506 2328 565 2374 et
600 2310 804 2393 itaque
843 2318 1106 2393 sporidia
1151 2319 1610 2394 quodammodo
1648 2320 2111 2394 transformata,
2153 2332 2211 2379 et
2265 2323 2325 2378 in

209 2417 414 2492 planta
446 2417 571 2493 ips-a
594 2436 714 2474 sese
737 2418 1007 2492 primum
1031 2418 1377 2487 evolventia‚
1402 2420 1668 2495 denique
1692 2430 1758 2476 ut
1785 2420 2115 2497 propagula
2137 2419 2328 2500 Spha-

207 2515 480 2573 cellar‘z‘oe
509 2517 734 2593 integra
770 2514 1106 2573 delabentia
1143 2527 1202 2573 et
1235 2517 1502 2593 plantam
1541 2521 1968 2595 propagantia?
2003 2519 2158 2577 Huic
2194 2523 2328 2597 opi-

205 2617 377 2672 nioni
424 2634 619 2692 sporae
647 2615 940 2673 Cucleriae
975 2615 1169 2673 favere
1210 2617 1527 2690 videntur,
1571 2619 1630 2674 in
1662 2618 1889 2694 quibus
1928 2639 2048 2675 non
2086 2630 2324 2677 tantum

208 2715 682 2775 transversaliter
716 2717 816 2773 sed
857 2737 1013 2793 saepe
1048 2718 1226 2773 etiam
1267 2718 1781 2794 longitudinal'iter
1804 2730 1893 2777 est
1921 2719 2146 2776 divisus
2177 2739 2328 2777 con-

209 2824 412 2872 tentus
443 2815 738 2874 internus,
785 2816 853 2873 In
895 2816 1203 2873 nonnullis
1239 2817 1551 2892 speciebus
1579 2817 1866 2895 Dictyotae
1903 2817 2006 2895 (D.
2042 2818 2327 2896 Kanthii)

211 2913 341 2970 haec
361 2933 681 2989 sporarum
708 2915 829 2990 jam
854 2918 913 2971 in
946 2915 1153 2990 planta·
1173 2916 1407 2971 matrici
1436 2915 1701 2972 evolutio
1723 2918 1976 2972 omnino
2000 2917 2284 2974 normalis
2305 2942 2321 2985 ;

211 3022 271 3068 et
291 3014 352 3068 in-
370 3011 633 3091 Halyseri
655 3014 813 3071 idem
837 3014 1166 3088 aliquando
1190 3013 1473 3072 obvenire
1495 3016 1749 3072 videtur.
1769 3014 1938 3072 Conf.
1969 3021 2141 3075 Grec).
2168 3016 2320 3096 Alg.

212 3113 388 3168 Britt.
413 3132 475 3189 p.
512 3112 604 3171 65.

708 3318 882 3356 xxvn.
929 3298 1243 3357 HALYsEms
1262 3301 1386 3380 Ag.
1411 3319 1496 3378 sp.
1519 3321 1576 3376 p.
1610 3300 1735 3371 14¹·

209 3493 310 3551 91.
354 3479 435 3533 H.
456 3473 915 3556 polypodioides
944 3477 1067 3555 Ag.
1092 3477 1131 3533 l.
1154 3497 1207 3535 c.
1231 3498 1291 3556 p.
1326 3478 1456 3550 142,

286 3609 415 3662 Hah.
445 3611 505 3658 ad
530 3627 678 3676 rupes
702 3626 879 3676 parum
917 3612 1164 3660 demersas
1201 3613 1601 3660 obscussriuseulas
1624 3616 2039 3680 currentibusque
2070 3619 2318 3680 expositas

220 3693 420 3744 sinuum
444 3699 766 3760 apertiorum,
789 3699 841 3745 in
869 3706 1077 3759 utroque
1110 3701 1230 3745 mari
1259 3700 1555 3760 frequenter.
