<?xml version="1.0" encoding="UTF-8"?>
<!DOCTYPE html PUBLIC "-//W3C//DTD XHTML 1.0 Transitional//EN"
    "http://www.w3.org/TR/xhtml1/DTD/xhtml1-transitional.dtd">
<html xmlns="http://www.w3.org/1999/xhtml" xml:lang="en" lang="en">
 <head>
  <title>
</title>
<meta http-equiv="Content-Type" content="text/html;charset=utf-8" />
  <meta name='ocr-system' content='tesseract 3.04.00' />
  <meta name='ocr-capabilities' content='ocr_page ocr_carea ocr_par ocr_line ocrx_word'/>
</head>
<body>
  <div class='ocr_page' id='page_1' title='image "algaemarismedite00agar_0043.png"; bbox 0 0 2508 4022; ppageno 0'>
   <div class='ocr_carea' id='block_1_1' title="bbox 1086 206 1406 264">
    <p class='ocr_par' dir='ltr' id='par_1_1' title="bbox 1086 206 1406 264">
     <span class='ocr_line' id='line_1_1' title="bbox 1086 206 1406 264; baseline 0.003 -16"><span class='ocrx_word' id='word_1_1' title='bbox 1086 206 1406 264; x_wconf 65' lang='lat'>—25-</span> 
     </span>
    </p>
   </div>
   <div class='ocr_carea' id='block_1_2' title="bbox 197 329 2312 1906">
    <p class='ocr_par' dir='ltr' id='par_1_2' title="bbox 197 329 2307 1297">
     <span class='ocr_line' id='line_1_2' title="bbox 197 329 2301 410; baseline 0.003 -21"><span class='ocrx_word' id='word_1_2' title='bbox 197 329 502 407; x_wconf 89' lang='lat' dir='ltr'>singulum</span> <span class='ocrx_word' id='word_1_3' title='bbox 547 347 868 387; x_wconf 88' lang='lat' dir='ltr'>numerosa</span> <span class='ocrx_word' id='word_1_4' title='bbox 911 329 1393 410; x_wconf 73' lang='lat' dir='ltr'>coalescentiaP).</span> <span class='ocrx_word' id='word_1_5' title='bbox 1435 365 1513 374; x_wconf 92' lang='lat'>——</span> <span class='ocrx_word' id='word_1_6' title='bbox 1552 335 1811 394; x_wconf 88' lang='lat' dir='ltr'>Frondes</span> <span class='ocrx_word' id='word_1_7' title='bbox 1850 338 2047 395; x_wconf 85' lang='lat' dir='ltr'>colore</span> <span class='ocrx_word' id='word_1_8' title='bbox 2086 358 2154 394; x_wconf 87' lang='lat' dir='ltr'>ex</span> <span class='ocrx_word' id='word_1_9' title='bbox 2187 339 2301 395; x_wconf 92' lang='lat' dir='ltr'>oli-</span> 
     </span>
     <span class='ocr_line' id='line_1_3' title="bbox 198 428 2303 514; baseline 0.004 -28"><span class='ocrx_word' id='word_1_10' title='bbox 198 449 374 486; x_wconf 89' lang='lat' dir='ltr'>vaceo</span> <span class='ocrx_word' id='word_1_11' title='bbox 419 428 845 502; x_wconf 87' lang='lat' dir='ltr'>fuscescentes,</span> <span class='ocrx_word' id='word_1_12' title='bbox 891 429 1216 488; x_wconf 71' lang='lat' dir='ltr'>articulatae</span> <span class='ocrx_word' id='word_1_13' title='bbox 1271 430 1361 487; x_wconf 89' lang='lat' dir='ltr'>vel</span> <span class='ocrx_word' id='word_1_14' title='bbox 1411 432 1805 492; x_wconf 72' lang='lat' dir='ltr'>inarticulatae</span> <span class='ocrx_word' id='word_1_15' title='bbox 1833 480 1848 501; x_wconf 84' lang='grc'>,</span> <span class='ocrx_word' id='word_1_16' title='bbox 1917 437 2303 514; x_wconf 85' lang='lat' dir='ltr'>cylindraceae</span> 
     </span>
     <span class='ocr_line' id='line_1_4' title="bbox 199 527 2303 612; baseline 0.005 -28"><span class='ocrx_word' id='word_1_17' title='bbox 199 528 393 604; x_wconf 87' lang='lat' dir='ltr'>planae</span> <span class='ocrx_word' id='word_1_18' title='bbox 433 527 761 602; x_wconf 90' lang='lat' dir='ltr'>aliquando</span> <span class='ocrx_word' id='word_1_19' title='bbox 807 529 1096 604; x_wconf 65' lang='lat' dir='ltr'>giganteae</span> <span class='ocrx_word' id='word_1_20' title='bbox 1137 541 1195 587; x_wconf 91' lang='lat' dir='ltr'>et</span> <span class='ocrx_word' id='word_1_21' title='bbox 1239 528 1344 608; x_wconf 87' lang='lat' dir='ltr'>(in</span> <span class='ocrx_word' id='word_1_22' title='bbox 1395 529 1607 587; x_wconf 89' lang='lat' dir='ltr'>ultima</span> <span class='ocrx_word' id='word_1_23' title='bbox 1650 533 1855 612; x_wconf 80' lang='lat' dir='ltr'>tribu)</span> <span class='ocrx_word' id='word_1_24' title='bbox 1891 556 2108 612; x_wconf 88' lang='lat' dir='ltr'>organa</span> <span class='ocrx_word' id='word_1_25' title='bbox 2153 537 2303 594; x_wconf 88' lang='lat' dir='ltr'>foliis</span> 
     </span>
     <span class='ocr_line' id='line_1_5' title="bbox 199 625 2307 711; baseline 0.004 -27"><span class='ocrx_word' id='word_1_26' title='bbox 199 627 411 684; x_wconf 88' lang='lat' dir='ltr'>similia</span> <span class='ocrx_word' id='word_1_27' title='bbox 451 626 832 702; x_wconf 63' lang='lat' dir='ltr'>proferentes</span> <span class='ocrx_word' id='word_1_28' title='bbox 877 625 1034 704; x_wconf 90' lang='lat' dir='ltr'>Algae</span> <span class='ocrx_word' id='word_1_29' title='bbox 1077 630 1397 706; x_wconf 68' lang='lat' dir='ltr'>saepissime</span> <span class='ocrx_word' id='word_1_30' title='bbox 1442 632 1688 688; x_wconf 91' lang='lat' dir='ltr'>marinae</span> <span class='ocrx_word' id='word_1_31' title='bbox 1714 676 1729 701; x_wconf 91' lang='lat'>,</span> <span class='ocrx_word' id='word_1_32' title='bbox 1765 632 2072 692; x_wconf 82' lang='lat' dir='ltr'>Oceanum</span> <span class='ocrx_word' id='word_1_33' title='bbox 2100 637 2307 711; x_wconf 89' lang='lat' dir='ltr'>praefe-</span> 
     </span>
     <span class='ocr_line' id='line_1_6' title="bbox 199 725 2304 807; baseline 0.005 -25"><span class='ocrx_word' id='word_1_34' title='bbox 199 736 423 796; x_wconf 82' lang='lat' dir='ltr'>renteS,</span> <span class='ocrx_word' id='word_1_35' title='bbox 466 725 595 782; x_wconf 92' lang='lat' dir='ltr'>loca</span> <span class='ocrx_word' id='word_1_36' title='bbox 631 726 750 784; x_wconf 89' lang='lat' dir='ltr'>sole</span> <span class='ocrx_word' id='word_1_37' title='bbox 772 727 1037 802; x_wconf 84' lang='lat' dir='ltr'>exposita</span> <span class='ocrx_word' id='word_1_38' title='bbox 1066 739 1126 784; x_wconf 89' lang='lat' dir='ltr'>at</span> <span class='ocrx_word' id='word_1_39' title='bbox 1157 749 1307 805; x_wconf 81' lang='lat' dir='ltr'>saepe</span> <span class='ocrx_word' id='word_1_40' title='bbox 1331 730 1714 801; x_wconf 88' lang='lat' dir='ltr'>demersiora,</span> <span class='ocrx_word' id='word_1_41' title='bbox 1745 733 1846 788; x_wconf 91' lang='lat' dir='ltr'>sed</span> <span class='ocrx_word' id='word_1_42' title='bbox 1874 736 2177 807; x_wconf 90' lang='lat' dir='ltr'>profunda</span> <span class='ocrx_word' id='word_1_43' title='bbox 2208 737 2304 793; x_wconf 85' lang='lat' dir='ltr'>vix</span> 
     </span>
     <span class='ocr_line' id='line_1_7' title="bbox 202 826 2302 905; baseline 0.005 -24"><span class='ocrx_word' id='word_1_44' title='bbox 202 826 637 897; x_wconf 80' lang='lat' dir='ltr'>inhabitanteS‚</span> <span class='ocrx_word' id='word_1_45' title='bbox 667 828 727 882; x_wconf 89' lang='lat' dir='ltr'>in</span> <span class='ocrx_word' id='word_1_46' title='bbox 772 827 1027 886; x_wconf 88' lang='lat' dir='ltr'>sinubus</span> <span class='ocrx_word' id='word_1_47' title='bbox 1070 828 1401 905; x_wconf 89' lang='lat' dir='ltr'>majoribus</span> <span class='ocrx_word' id='word_1_48' title='bbox 1434 830 1808 887; x_wconf 83' lang='lat' dir='ltr'>vehementia</span> <span class='ocrx_word' id='word_1_49' title='bbox 1839 830 2146 890; x_wconf 87' lang='lat' dir='ltr'>fluctuum</span> <span class='ocrx_word' id='word_1_50' title='bbox 2181 855 2302 891; x_wconf 92' lang='lat' dir='ltr'>non</span> 
     </span>
     <span class='ocr_line' id='line_1_8' title="bbox 199 927 2298 1009; baseline 0.004 -27"><span class='ocrx_word' id='word_1_51' title='bbox 199 927 460 983; x_wconf 86' lang='lat' dir='ltr'>nimium</span> <span class='ocrx_word' id='word_1_52' title='bbox 489 928 765 1004; x_wconf 87' lang='lat' dir='ltr'>expositis</span> <span class='ocrx_word' id='word_1_53' title='bbox 807 928 907 984; x_wconf 88' lang='lat' dir='ltr'>sed</span> <span class='ocrx_word' id='word_1_54' title='bbox 951 928 1336 986; x_wconf 91' lang='lat' dir='ltr'>currentibus</span> <span class='ocrx_word' id='word_1_55' title='bbox 1362 932 1660 1005; x_wconf 83' lang='lat' dir='ltr'>percursis</span> <span class='ocrx_word' id='word_1_56' title='bbox 1685 933 1984 1006; x_wconf 77' lang='lat' dir='ltr'>praecipue</span> <span class='ocrx_word' id='word_1_57' title='bbox 2013 934 2266 1009; x_wconf 86' lang='lat' dir='ltr'>vigentes</span> <span class='ocrx_word' id='word_1_58' title='bbox 2284 980 2298 1004; x_wconf 91' lang='lat'>,</span> 
     </span>
     <span class='ocr_line' id='line_1_9' title="bbox 200 1026 2303 1108; baseline 0.004 -27"><span class='ocrx_word' id='word_1_59' title='bbox 200 1026 320 1082; x_wconf 87' lang='lat' dir='ltr'>fere</span> <span class='ocrx_word' id='word_1_60' title='bbox 349 1047 558 1085; x_wconf 88' lang='lat' dir='ltr'>omnes</span> <span class='ocrx_word' id='word_1_61' title='bbox 594 1026 913 1102; x_wconf 87' lang='lat' dir='ltr'>rupicolae,</span> <span class='ocrx_word' id='word_1_62' title='bbox 941 1029 1131 1085; x_wconf 84' lang='lat' dir='ltr'>rarius</span> <span class='ocrx_word' id='word_1_63' title='bbox 1157 1029 1457 1104; x_wconf 89' lang='lat' dir='ltr'>parasitae,</span> <span class='ocrx_word' id='word_1_64' title='bbox 1503 1043 1561 1087; x_wconf 84' lang='lat' dir='ltr'>et</span> <span class='ocrx_word' id='word_1_65' title='bbox 1600 1041 1893 1108; x_wconf 89' lang='lat' dir='ltr'>apparatu</span> <span class='ocrx_word' id='word_1_66' title='bbox 1931 1032 2173 1088; x_wconf 87' lang='lat' dir='ltr'>radicali</span> <span class='ocrx_word' id='word_1_67' title='bbox 2203 1054 2303 1090; x_wconf 88' lang='lat' dir='ltr'>va-</span> 
     </span>
     <span class='ocr_line' id='line_1_10' title="bbox 202 1125 2306 1208; baseline 0.005 -28"><span class='ocrx_word' id='word_1_68' title='bbox 202 1125 398 1182; x_wconf 89' lang='lat' dir='ltr'>lidiori</span> <span class='ocrx_word' id='word_1_69' title='bbox 423 1146 577 1203; x_wconf 84' lang='lat' dir='ltr'>saepe</span> <span class='ocrx_word' id='word_1_70' title='bbox 612 1125 814 1183; x_wconf 86' lang='lat' dir='ltr'>affixae.</span> <span class='ocrx_word' id='word_1_71' title='bbox 854 1126 1034 1183; x_wconf 90' lang='lat' dir='ltr'>Plura</span> <span class='ocrx_word' id='word_1_72' title='bbox 1071 1147 1283 1204; x_wconf 89' lang='lat' dir='ltr'>genera</span> <span class='ocrx_word' id='word_1_73' title='bbox 1307 1149 1450 1185; x_wconf 89' lang='lat' dir='ltr'>zona</span> <span class='ocrx_word' id='word_1_74' title='bbox 1477 1131 1689 1207; x_wconf 88' lang='lat' dir='ltr'>frigida</span> <span class='ocrx_word' id='word_1_75' title='bbox 1713 1141 1772 1189; x_wconf 83' lang='lat' dir='ltr'>et</span> <span class='ocrx_word' id='word_1_76' title='bbox 1798 1141 2129 1208; x_wconf 88' lang='lat' dir='ltr'>temperata</span> <span class='ocrx_word' id='word_1_77' title='bbox 2154 1133 2306 1190; x_wconf 86' lang='lat' dir='ltr'>limi-</span> 
     </span>
     <span class='ocr_line' id='line_1_11' title="bbox 202 1227 1778 1297; baseline 0.004 -16"><span class='ocrx_word' id='word_1_78' title='bbox 202 1235 429 1297; x_wconf 86' lang='lat' dir='ltr'>tantur,</span> <span class='ocrx_word' id='word_1_79' title='bbox 461 1227 571 1282; x_wconf 88' lang='lat' dir='ltr'>alia</span> <span class='ocrx_word' id='word_1_80' title='bbox 601 1228 660 1283; x_wconf 93' lang='lat' dir='ltr'>in</span> <span class='ocrx_word' id='word_1_81' title='bbox 705 1227 985 1284; x_wconf 87' lang='lat' dir='ltr'>calidiore</span> <span class='ocrx_word' id='word_1_82' title='bbox 1012 1228 1130 1284; x_wconf 91' lang='lat' dir='ltr'>fere</span> <span class='ocrx_word' id='word_1_83' title='bbox 1159 1238 1402 1285; x_wconf 88' lang='lat' dir='ltr'>tantum</span> <span class='ocrx_word' id='word_1_84' title='bbox 1429 1229 1778 1287; x_wconf 89' lang='lat' dir='ltr'>obveniunt.</span> 
     </span>
    </p>

    <p class='ocr_par' dir='ltr' id='par_1_3' title="bbox 197 1323 2312 1906">
     <span class='ocr_line' id='line_1_12' title="bbox 279 1323 2303 1407; baseline 0.004 -26"><span class='ocrx_word' id='word_1_85' title='bbox 279 1323 416 1383; x_wconf 81' lang='lat' dir='ltr'>OBs.</span> <span class='ocrx_word' id='word_1_86' title='bbox 468 1324 634 1383; x_wconf 91' lang='lat' dir='ltr'>Licet</span> <span class='ocrx_word' id='word_1_87' title='bbox 673 1326 952 1383; x_wconf 91' lang='lat' dir='ltr'>nondum</span> <span class='ocrx_word' id='word_1_88' title='bbox 1014 1329 1190 1384; x_wconf 91' lang='lat' dir='ltr'>certis</span> <span class='ocrx_word' id='word_1_89' title='bbox 1238 1330 1657 1405; x_wconf 87' lang='lat' dir='ltr'>experimentis</span> <span class='ocrx_word' id='word_1_90' title='bbox 1716 1331 2045 1407; x_wconf 90' lang='lat' dir='ltr'>probatum</span> <span class='ocrx_word' id='word_1_91' title='bbox 2090 1332 2303 1403; x_wconf 87' lang='lat' dir='ltr'>fuerit,</span> 
     </span>
     <span class='ocr_line' id='line_1_13' title="bbox 199 1425 2307 1507; baseline 0.004 -26"><span class='ocrx_word' id='word_1_92' title='bbox 199 1425 463 1500; x_wconf 87' lang='lat' dir='ltr'>sporidia</span> <span class='ocrx_word' id='word_1_93' title='bbox 507 1426 568 1482; x_wconf 89' lang='lat' dir='ltr'>in</span> <span class='ocrx_word' id='word_1_94' title='bbox 621 1426 713 1483; x_wconf 91' lang='lat' dir='ltr'>his</span> <span class='ocrx_word' id='word_1_95' title='bbox 758 1426 976 1502; x_wconf 86' lang='lat' dir='ltr'>plantis</span> <span class='ocrx_word' id='word_1_96' title='bbox 1026 1428 1310 1500; x_wconf 85' lang='lat' dir='ltr'>existere,</span> <span class='ocrx_word' id='word_1_97' title='bbox 1360 1438 1564 1487; x_wconf 88' lang='lat' dir='ltr'>tamen</span> <span class='ocrx_word' id='word_1_98' title='bbox 1609 1431 1812 1507; x_wconf 90' lang='lat' dir='ltr'>plures</span> <span class='ocrx_word' id='word_1_99' title='bbox 1864 1431 2307 1491; x_wconf 90' lang='lat' dir='ltr'>observationes</span> 
     </span>
     <span class='ocr_line' id='line_1_14' title="bbox 197 1525 2312 1609; baseline 0.003 -29"><span class='ocrx_word' id='word_1_100' title='bbox 197 1525 278 1581; x_wconf 90' lang='lat' dir='ltr'>ita</span> <span class='ocrx_word' id='word_1_101' title='bbox 305 1525 670 1600; x_wconf 83' lang='lat' dir='ltr'>explicandae</span> <span class='ocrx_word' id='word_1_102' title='bbox 711 1526 862 1582; x_wconf 92' lang='lat' dir='ltr'>mihi</span> <span class='ocrx_word' id='word_1_103' title='bbox 899 1526 1197 1583; x_wconf 86' lang='lat' dir='ltr'>videntur.</span> <span class='ocrx_word' id='word_1_104' title='bbox 1239 1535 1288 1583; x_wconf 82' lang='lat'>1⁰</span> <span class='ocrx_word' id='word_1_105' title='bbox 1314 1528 1383 1584; x_wconf 93' lang='lat' dir='ltr'>In</span> <span class='ocrx_word' id='word_1_106' title='bbox 1410 1533 1748 1609; x_wconf 78' lang='lat' dir='ltr'>Ectocarpo</span> <span class='ocrx_word' id='word_1_107' title='bbox 1771 1566 1855 1574; x_wconf 93' lang='lat'>—</span> <span class='ocrx_word' id='word_1_108' title='bbox 1883 1533 1928 1588; x_wconf 90' lang='lat' dir='ltr'>si</span> <span class='ocrx_word' id='word_1_109' title='bbox 1959 1532 2083 1588; x_wconf 88' lang='lat' dir='ltr'>huc</span> <span class='ocrx_word' id='word_1_110' title='bbox 2111 1551 2312 1589; x_wconf 89' lang='lat' dir='ltr'>revera</span> 
     </span>
     <span class='ocr_line' id='line_1_15' title="bbox 197 1624 2310 1708; baseline 0.003 -28"><span class='ocrx_word' id='word_1_111' title='bbox 197 1625 457 1700; x_wconf 89' lang='lat' dir='ltr'>pertinet</span> <span class='ocrx_word' id='word_1_112' title='bbox 482 1658 560 1668; x_wconf 89' lang='lat'>—-</span> <span class='ocrx_word' id='word_1_113' title='bbox 583 1636 641 1681; x_wconf 90' lang='lat' dir='ltr'>et</span> <span class='ocrx_word' id='word_1_114' title='bbox 677 1626 739 1681; x_wconf 92' lang='lat' dir='ltr'>in</span> <span class='ocrx_word' id='word_1_115' title='bbox 770 1624 1108 1704; x_wconf 79' lang='lat' dir='ltr'>Mesogloia</span> <span class='ocrx_word' id='word_1_116' title='bbox 1136 1628 1396 1702; x_wconf 88' lang='lat' dir='ltr'>sporidia</span> <span class='ocrx_word' id='word_1_117' title='bbox 1438 1630 1565 1686; x_wconf 81' lang='lat' dir='ltr'>viva</span> <span class='ocrx_word' id='word_1_118' title='bbox 1598 1650 1667 1686; x_wconf 86' lang='lat' dir='ltr'>ex</span> <span class='ocrx_word' id='word_1_119' title='bbox 1695 1631 1900 1705; x_wconf 88' lang='lat' dir='ltr'>planta</span> <span class='ocrx_word' id='word_1_120' title='bbox 1929 1642 2146 1708; x_wconf 90' lang='lat' dir='ltr'>erupta</span> <span class='ocrx_word' id='word_1_121' title='bbox 2184 1633 2310 1707; x_wconf 88' lang='lat' dir='ltr'>ipse</span> 
     </span>
     <span class='ocr_line' id='line_1_16' title="bbox 198 1723 2311 1804; baseline 0.004 -26"><span class='ocrx_word' id='word_1_122' title='bbox 198 1723 342 1794; x_wconf 89' lang='lat' dir='ltr'>vidi,</span> <span class='ocrx_word' id='word_1_123' title='bbox 363 1724 465 1781; x_wconf 88' lang='lat' dir='ltr'>sed</span> <span class='ocrx_word' id='word_1_124' title='bbox 494 1724 699 1781; x_wconf 90' lang='lat' dir='ltr'>locum</span> <span class='ocrx_word' id='word_1_125' title='bbox 724 1726 1058 1801; x_wconf 86' lang='lat' dir='ltr'>eruptionis</span> <span class='ocrx_word' id='word_1_126' title='bbox 1081 1726 1353 1801; x_wconf 88' lang='lat' dir='ltr'>detegere</span> <span class='ocrx_word' id='word_1_127' title='bbox 1377 1747 1500 1784; x_wconf 92' lang='lat' dir='ltr'>non</span> <span class='ocrx_word' id='word_1_128' title='bbox 1526 1730 1719 1804; x_wconf 85' lang='lat' dir='ltr'>potui.</span> <span class='ocrx_word' id='word_1_129' title='bbox 1748 1739 1802 1786; x_wconf 86' lang='lat'>2⁰</span> <span class='ocrx_word' id='word_1_130' title='bbox 1829 1730 1897 1786; x_wconf 92' lang='lat' dir='ltr'>In</span> <span class='ocrx_word' id='word_1_131' title='bbox 1918 1729 2169 1788; x_wconf 78' lang='lat' dir='ltr'>Padina</span> <span class='ocrx_word' id='word_1_132' title='bbox 2193 1731 2311 1787; x_wconf 90' lang='lat' dir='ltr'>vidi</span> 
     </span>
     <span class='ocr_line' id='line_1_17' title="bbox 198 1823 2312 1906; baseline 0.003 -27"><span class='ocrx_word' id='word_1_133' title='bbox 198 1823 536 1899; x_wconf 88' lang='lat' dir='ltr'>spongiolas</span> <span class='ocrx_word' id='word_1_134' title='bbox 572 1823 647 1879; x_wconf 88' lang='lat' dir='ltr'>ad</span> <span class='ocrx_word' id='word_1_135' title='bbox 691 1824 959 1899; x_wconf 85' lang='lat' dir='ltr'>paginam</span> <span class='ocrx_word' id='word_1_136' title='bbox 996 1824 1223 1880; x_wconf 85' lang='lat' dir='ltr'>frondis</span> <span class='ocrx_word' id='word_1_137' title='bbox 1260 1825 1495 1901; x_wconf 84' lang='lat' dir='ltr'>affixas,</span> <span class='ocrx_word' id='word_1_138' title='bbox 1534 1849 1566 1884; x_wconf 91' lang='lat' dir='ltr'>e</span> <span class='ocrx_word' id='word_1_139' title='bbox 1603 1828 1718 1887; x_wconf 87' lang='lat' dir='ltr'>filis</span> <span class='ocrx_word' id='word_1_140' title='bbox 1749 1831 2001 1888; x_wconf 90' lang='lat' dir='ltr'>minutis</span> <span class='ocrx_word' id='word_1_141' title='bbox 2040 1840 2312 1906; x_wconf 87' lang='lat' dir='ltr'>recepta-</span> 
     </span>
    </p>
   </div>
   <div class='ocr_carea' id='block_1_3' title="bbox 199 1922 2314 2100">
    <p class='ocr_par' dir='ltr' id='par_1_4' title="bbox 199 1922 2314 2100">
     <span class='ocr_line' id='line_1_18' title="bbox 199 1922 2314 2006; baseline 0.003 -28"><span class='ocrx_word' id='word_1_142' title='bbox 199 1922 335 1978; x_wconf 91' lang='lat' dir='ltr'>cula</span> <span class='ocrx_word' id='word_1_143' title='bbox 372 1922 744 1998; x_wconf 88' lang='lat' dir='ltr'>cylindracea</span> <span class='ocrx_word' id='word_1_144' title='bbox 785 1923 1130 2000; x_wconf 82' lang='lat' dir='ltr'>gerentibus</span> <span class='ocrx_word' id='word_1_145' title='bbox 1167 1927 1551 1998; x_wconf 84' lang='lat' dir='ltr'>constitutas,</span> <span class='ocrx_word' id='word_1_146' title='bbox 1586 1949 1722 2005; x_wconf 88' lang='lat' dir='ltr'>quae</span> <span class='ocrx_word' id='word_1_147' title='bbox 1751 1950 1821 1985; x_wconf 87' lang='lat' dir='ltr'>ex</span> <span class='ocrx_word' id='word_1_148' title='bbox 1862 1931 2130 2006; x_wconf 89' lang='lat' dir='ltr'>analogia</span> <span class='ocrx_word' id='word_1_149' title='bbox 2168 1949 2314 1985; x_wconf 89' lang='lat' dir='ltr'>cum</span> 
     </span>
     <span class='ocr_line' id='line_1_19' title="bbox 202 2016 2314 2100; baseline -0.001 -23"><span class='ocrx_word' id='word_1_150' title='bbox 202 2022 608 2079; x_wconf 89' lang='lat' dir='ltr'>Fucacearum</span> <span class='ocrx_word' id='word_1_151' title='bbox 637 2021 753 2079; x_wconf 83' lang='lat' dir='ltr'>filis</span> <span class='ocrx_word' id='word_1_152' title='bbox 792 2024 1103 2100; x_wconf 89' lang='lat' dir='ltr'>sporigeris</span> <span class='ocrx_word' id='word_1_153' title='bbox 1140 2020 1406 2099; x_wconf 87' lang='lat' dir='ltr'>sporidia</span> <span class='ocrx_word' id='word_1_154' title='bbox 1448 2021 1753 2077; x_wconf 87' lang='lat' dir='ltr'>continere</span> <span class='ocrx_word' id='word_1_155' title='bbox 1794 2021 2085 2096; x_wconf 91' lang='lat' dir='ltr'>suspicor.</span> <span class='ocrx_word' id='word_1_156' title='bbox 2139 2019 2194 2074; x_wconf 78' lang='lat'>3⁰</span> <span class='ocrx_word' id='word_1_157' title='bbox 2238 2016 2314 2074; x_wconf 91' lang='lat' dir='ltr'>In</span> 
     </span>
    </p>
   </div>
   <div class='ocr_carea' id='block_1_4' title="bbox 198 2118 2318 3297">
    <p class='ocr_par' dir='ltr' id='par_1_5' title="bbox 198 2118 2318 3297">
     <span class='ocr_line' id='line_1_20' title="bbox 198 2118 2314 2197; baseline -0.002 -19"><span class='ocrx_word' id='word_1_158' title='bbox 198 2120 652 2180; x_wconf 77' lang='lat' dir='ltr'>Himanthalioe</span> <span class='ocrx_word' id='word_1_159' title='bbox 672 2121 856 2181; x_wconf 80' lang='lat' dir='ltr'>loreoe</span> <span class='ocrx_word' id='word_1_160' title='bbox 876 2125 1269 2180; x_wconf 84' lang='lat' dir='ltr'>excrescentia</span> <span class='ocrx_word' id='word_1_161' title='bbox 1294 2120 1633 2197; x_wconf 85' lang='lat' dir='ltr'>parasitica,</span> <span class='ocrx_word' id='word_1_162' title='bbox 1662 2138 1848 2194; x_wconf 90' lang='lat' dir='ltr'>quam</span> <span class='ocrx_word' id='word_1_163' title='bbox 1872 2118 2093 2196; x_wconf 86' lang='lat' dir='ltr'>injuria</span> <span class='ocrx_word' id='word_1_164' title='bbox 2119 2119 2314 2175; x_wconf 86' lang='lat' dir='ltr'>forsan</span> 
     </span>
     <span class='ocr_line' id='line_1_21' title="bbox 201 2217 2317 2300; baseline -0.003 -21"><span class='ocrx_word' id='word_1_165' title='bbox 201 2223 278 2279; x_wconf 92' lang='lat' dir='ltr'>ad</span> <span class='ocrx_word' id='word_1_166' title='bbox 319 2221 728 2281; x_wconf 75' lang='lat' dir='ltr'>Elaclzisteam</span> <span class='ocrx_word' id='word_1_167' title='bbox 768 2223 1143 2292; x_wconf 88' lang='lat' dir='ltr'>retulerunt,</span> <span class='ocrx_word' id='word_1_168' title='bbox 1187 2240 1501 2300; x_wconf 89' lang='lat' dir='ltr'>quamque</span> <span class='ocrx_word' id='word_1_169' title='bbox 1543 2240 1575 2276; x_wconf 88' lang='lat' dir='ltr'>e</span> <span class='ocrx_word' id='word_1_170' title='bbox 1623 2217 1737 2276; x_wconf 89' lang='lat' dir='ltr'>filis</span> <span class='ocrx_word' id='word_1_171' title='bbox 1777 2239 2141 2296; x_wconf 81' lang='lat' dir='ltr'>magnopere</span> <span class='ocrx_word' id='word_1_172' title='bbox 2177 2238 2317 2275; x_wconf 88' lang='lat' dir='ltr'>evo-</span> 
     </span>
     <span class='ocr_line' id='line_1_22' title="bbox 201 2320 2314 2399; baseline -0.002 -20"><span class='ocrx_word' id='word_1_173' title='bbox 201 2322 340 2380; x_wconf 88' lang='lat' dir='ltr'>lutis</span> <span class='ocrx_word' id='word_1_174' title='bbox 393 2324 847 2399; x_wconf 88' lang='lat' dir='ltr'>scaphidiorum</span> <span class='ocrx_word' id='word_1_175' title='bbox 907 2344 1102 2381; x_wconf 84' lang='lat' dir='ltr'>revera</span> <span class='ocrx_word' id='word_1_176' title='bbox 1165 2323 1487 2382; x_wconf 87' lang='lat' dir='ltr'>consistere</span> <span class='ocrx_word' id='word_1_177' title='bbox 1513 2363 1527 2389; x_wconf 78' lang='lat'>,</span> <span class='ocrx_word' id='word_1_178' title='bbox 1581 2321 1707 2395; x_wconf 87' lang='lat' dir='ltr'>ipse</span> <span class='ocrx_word' id='word_1_179' title='bbox 1779 2320 2119 2394; x_wconf 86' lang='lat' dir='ltr'>suspicatus</span> <span class='ocrx_word' id='word_1_180' title='bbox 2179 2337 2314 2375; x_wconf 90' lang='lat' dir='ltr'>sum</span> 
     </span>
     <span class='ocr_line' id='line_1_23' title="bbox 200 2419 2317 2500; baseline -0.002 -22"><span class='ocrx_word' id='word_1_181' title='bbox 200 2420 370 2500; x_wconf 84' lang='lat' dir='ltr'>(vide</span> <span class='ocrx_word' id='word_1_182' title='bbox 405 2421 570 2480; x_wconf 80' lang='lat' dir='ltr'>Diss.</span> <span class='ocrx_word' id='word_1_183' title='bbox 607 2435 792 2481; x_wconf 81' lang='lat' dir='ltr'>nostr.</span> <span class='ocrx_word' id='word_1_184' title='bbox 831 2426 894 2480; x_wconf 84' lang='lat' dir='ltr'>in</span> <span class='ocrx_word' id='word_1_185' title='bbox 931 2424 1073 2481; x_wconf 79' lang='lat' dir='ltr'>Act.</span> <span class='ocrx_word' id='word_1_186' title='bbox 1109 2435 1235 2481; x_wconf 79' lang='lat' dir='ltr'>nat.</span> <span class='ocrx_word' id='word_1_187' title='bbox 1272 2419 1545 2496; x_wconf 53' lang='lat' dir='ltr'>curios),</span> <span class='ocrx_word' id='word_1_188' title='bbox 1591 2430 1649 2475; x_wconf 87' lang='lat' dir='ltr'>et</span> <span class='ocrx_word' id='word_1_189' title='bbox 1678 2419 1935 2495; x_wconf 92' lang='lat' dir='ltr'>probare</span> <span class='ocrx_word' id='word_1_190' title='bbox 1958 2428 2209 2476; x_wconf 90' lang='lat' dir='ltr'>conatus</span> <span class='ocrx_word' id='word_1_191' title='bbox 2230 2428 2317 2475; x_wconf 90' lang='lat' dir='ltr'>est</span> 
     </span>
     <span class='ocr_line' id='line_1_24' title="bbox 202 2519 2315 2598; baseline -0.002 -21"><span class='ocrx_word' id='word_1_192' title='bbox 202 2521 489 2579; x_wconf 87' lang='lat' dir='ltr'>Decaisnc</span> <span class='ocrx_word' id='word_1_193' title='bbox 517 2567 530 2593; x_wconf 93' lang='lat'>,</span> <span class='ocrx_word' id='word_1_194' title='bbox 571 2523 854 2580; x_wconf 85' lang='lat' dir='ltr'>viderunt</span> <span class='ocrx_word' id='word_1_195' title='bbox 878 2520 988 2581; x_wconf 77' lang='lat' dir='ltr'>Celi</span> <span class='ocrx_word' id='word_1_196' title='bbox 1010 2521 1251 2580; x_wconf 87' lang='lat' dir='ltr'>Crouan</span> <span class='ocrx_word' id='word_1_197' title='bbox 1283 2521 1546 2598; x_wconf 85' lang='lat' dir='ltr'>sporidia</span> <span class='ocrx_word' id='word_1_198' title='bbox 1584 2530 1756 2577; x_wconf 91' lang='lat' dir='ltr'>motu</span> <span class='ocrx_word' id='word_1_199' title='bbox 1783 2519 2036 2594; x_wconf 88' lang='lat' dir='ltr'>praedita</span> <span class='ocrx_word' id='word_1_200' title='bbox 2076 2539 2144 2575; x_wconf 87' lang='lat' dir='ltr'>ex</span> <span class='ocrx_word' id='word_1_201' title='bbox 2185 2519 2315 2593; x_wconf 91' lang='lat' dir='ltr'>api-</span> 
     </span>
     <span class='ocr_line' id='line_1_25' title="bbox 204 2618 2313 2698; baseline -0.003 -20"><span class='ocrx_word' id='word_1_202' title='bbox 204 2621 377 2679; x_wconf 93' lang='lat' dir='ltr'>cibus</span> <span class='ocrx_word' id='word_1_203' title='bbox 405 2620 652 2678; x_wconf 89' lang='lat' dir='ltr'>filorum</span> <span class='ocrx_word' id='word_1_204' title='bbox 681 2622 1058 2698; x_wconf 83' lang='lat' dir='ltr'>egredientia.</span> <span class='ocrx_word' id='word_1_205' title='bbox 1079 2656 1158 2664; x_wconf 90' lang='lat'>—</span> <span class='ocrx_word' id='word_1_206' title='bbox 1183 2623 1564 2680; x_wconf 85' lang='lat' dir='ltr'>Praesentiam</span> <span class='ocrx_word' id='word_1_207' title='bbox 1587 2622 1796 2695; x_wconf 85' lang='lat' dir='ltr'>itaque</span> <span class='ocrx_word' id='word_1_208' title='bbox 1819 2619 2152 2697; x_wconf 89' lang='lat' dir='ltr'>sporidioru</span> <span class='ocrx_word' id='word_1_209' title='bbox 2164 2637 2224 2673; x_wconf 88' lang='lat' dir='ltr'>m</span> <span class='ocrx_word' id='word_1_210' title='bbox 2250 2618 2313 2672; x_wconf 91' lang='lat' dir='ltr'>in</span> 
     </span>
     <span class='ocr_line' id='line_1_26' title="bbox 205 2714 2312 2795; baseline -0.002 -19"><span class='ocrx_word' id='word_1_211' title='bbox 205 2720 297 2777; x_wconf 90' lang='lat' dir='ltr'>his</span> <span class='ocrx_word' id='word_1_212' title='bbox 321 2720 540 2795; x_wconf 91' lang='lat' dir='ltr'>plantis</span> <span class='ocrx_word' id='word_1_213' title='bbox 580 2723 673 2777; x_wconf 87' lang='lat' dir='ltr'>vix</span> <span class='ocrx_word' id='word_1_214' title='bbox 713 2722 773 2776; x_wconf 92' lang='lat' dir='ltr'>in</span> <span class='ocrx_word' id='word_1_215' title='bbox 806 2720 1071 2779; x_wconf 90' lang='lat' dir='ltr'>dubium</span> <span class='ocrx_word' id='word_1_216' title='bbox 1101 2741 1313 2778; x_wconf 88' lang='lat' dir='ltr'>vocare</span> <span class='ocrx_word' id='word_1_217' title='bbox 1343 2720 1585 2791; x_wconf 87' lang='lat' dir='ltr'>vellem,</span> <span class='ocrx_word' id='word_1_218' title='bbox 1621 2721 1757 2776; x_wconf 90' lang='lat' dir='ltr'>licet</span> <span class='ocrx_word' id='word_1_219' title='bbox 1793 2714 2312 2774; x_wconf 87' lang='lat' dir='ltr'>observationibus</span> 
     </span>
     <span class='ocr_line' id='line_1_27' title="bbox 205 2814 2315 2892; baseline -0.003 -16"><span class='ocrx_word' id='word_1_220' title='bbox 205 2819 401 2876; x_wconf 90' lang='lat' dir='ltr'>multa</span> <span class='ocrx_word' id='word_1_221' title='bbox 442 2819 627 2877; x_wconf 85' lang='lat' dir='ltr'>dubia</span> <span class='ocrx_word' id='word_1_222' title='bbox 687 2821 891 2878; x_wconf 92' lang='lat' dir='ltr'>adhuc</span> <span class='ocrx_word' id='word_1_223' title='bbox 947 2821 1226 2879; x_wconf 88' lang='lat' dir='ltr'>solvenda</span> <span class='ocrx_word' id='word_1_224' title='bbox 1280 2829 1523 2879; x_wconf 84' lang='lat' dir='ltr'>restant.</span> <span class='ocrx_word' id='word_1_225' title='bbox 1586 2819 1703 2874; x_wconf 91' lang='lat' dir='ltr'>Nec</span> <span class='ocrx_word' id='word_1_226' title='bbox 1762 2837 1995 2892; x_wconf 86' lang='lat' dir='ltr'>semper</span> <span class='ocrx_word' id='word_1_227' title='bbox 2052 2814 2315 2891; x_wconf 90' lang='lat' dir='ltr'>sporidia</span> 
     </span>
     <span class='ocr_line' id='line_1_28' title="bbox 205 2917 2317 3000; baseline -0.001 -25"><span class='ocrx_word' id='word_1_228' title='bbox 205 2917 403 2976; x_wconf 81' lang='lat' dir='ltr'>forsan</span> <span class='ocrx_word' id='word_1_229' title='bbox 431 2920 826 2993; x_wconf 82' lang='lat' dir='ltr'>evolvuntur3</span> <span class='ocrx_word' id='word_1_230' title='bbox 861 2924 920 2979; x_wconf 93' lang='lat' dir='ltr'>in</span> <span class='ocrx_word' id='word_1_231' title='bbox 962 2922 1167 2979; x_wconf 91' lang='lat' dir='ltr'>multis</span> <span class='ocrx_word' id='word_1_232' title='bbox 1196 2923 1446 3000; x_wconf 85' lang='lat' dir='ltr'>granula</span> <span class='ocrx_word' id='word_1_233' title='bbox 1480 2921 1878 2997; x_wconf 89' lang='lat' dir='ltr'>sporidiigena</span> <span class='ocrx_word' id='word_1_234' title='bbox 1916 2919 2072 2974; x_wconf 90' lang='lat' dir='ltr'>intra</span> <span class='ocrx_word' id='word_1_235' title='bbox 2110 2917 2317 2993; x_wconf 91' lang='lat' dir='ltr'>singu-</span> 
     </span>
     <span class='ocr_line' id='line_1_29' title="bbox 206 3015 2318 3099; baseline -0.003 -23"><span class='ocrx_word' id='word_1_236' title='bbox 206 3019 339 3077; x_wconf 91' lang='lat' dir='ltr'>lum</span> <span class='ocrx_word' id='word_1_237' title='bbox 391 3020 719 3078; x_wconf 89' lang='lat' dir='ltr'>articulum</span> <span class='ocrx_word' id='word_1_238' title='bbox 777 3022 866 3078; x_wconf 87' lang='lat' dir='ltr'>vel</span> <span class='ocrx_word' id='word_1_239' title='bbox 919 3023 981 3077; x_wconf 91' lang='lat' dir='ltr'>in</span> <span class='ocrx_word' id='word_1_240' title='bbox 1026 3022 1308 3099; x_wconf 90' lang='lat' dir='ltr'>pluribus</span> <span class='ocrx_word' id='word_1_241' title='bbox 1361 3033 1521 3079; x_wconf 87' lang='lat' dir='ltr'>arcte</span> <span class='ocrx_word' id='word_1_242' title='bbox 1576 3021 1916 3095; x_wconf 82' lang='lat' dir='ltr'>stipantur,</span> <span class='ocrx_word' id='word_1_243' title='bbox 1978 3027 2037 3074; x_wconf 90' lang='lat' dir='ltr'>et</span> <span class='ocrx_word' id='word_1_244' title='bbox 2079 3015 2318 3072; x_wconf 88' lang='lat' dir='ltr'>articuli</span> 
     </span>
     <span class='ocr_line' id='line_1_30' title="bbox 206 3114 2317 3200; baseline -0.004 -24"><span class='ocrx_word' id='word_1_245' title='bbox 206 3117 458 3196; x_wconf 88' lang='lat' dir='ltr'>(singuli</span> <span class='ocrx_word' id='word_1_246' title='bbox 502 3121 591 3177; x_wconf 90' lang='lat' dir='ltr'>vel</span> <span class='ocrx_word' id='word_1_247' title='bbox 644 3120 884 3200; x_wconf 89' lang='lat' dir='ltr'>plures)</span> <span class='ocrx_word' id='word_1_248' title='bbox 925 3122 1004 3178; x_wconf 90' lang='lat' dir='ltr'>ita</span> <span class='ocrx_word' id='word_1_249' title='bbox 1051 3123 1497 3192; x_wconf 89' lang='lat' dir='ltr'>transformati,</span> <span class='ocrx_word' id='word_1_250' title='bbox 1548 3119 1760 3196; x_wconf 87' lang='lat' dir='ltr'>integri</span> <span class='ocrx_word' id='word_1_251' title='bbox 1808 3138 1841 3173; x_wconf 92' lang='lat' dir='ltr'>a</span> <span class='ocrx_word' id='word_1_252' title='bbox 1884 3117 2089 3193; x_wconf 90' lang='lat' dir='ltr'>planta</span> <span class='ocrx_word' id='word_1_253' title='bbox 2134 3114 2317 3171; x_wconf 89' lang='lat' dir='ltr'>matri</span> 
     </span>
     <span class='ocr_line' id='line_1_31' title="bbox 208 3217 2316 3297; baseline -0.002 -23"><span class='ocrx_word' id='word_1_254' title='bbox 208 3217 524 3277; x_wconf 89' lang='lat' dir='ltr'>solvuntur</span> <span class='ocrx_word' id='word_1_255' title='bbox 543 3230 600 3277; x_wconf 92' lang='lat' dir='ltr'>et</span> <span class='ocrx_word' id='word_1_256' title='bbox 638 3220 972 3297; x_wconf 90' lang='lat' dir='ltr'>propagula</span> <span class='ocrx_word' id='word_1_257' title='bbox 994 3220 1213 3290; x_wconf 88' lang='lat' dir='ltr'>plantae</span> <span class='ocrx_word' id='word_1_258' title='bbox 1237 3222 1517 3280; x_wconf 87' lang='lat' dir='ltr'>evadunt.</span> <span class='ocrx_word' id='word_1_259' title='bbox 1546 3221 1916 3297; x_wconf 86' lang='lat' dir='ltr'>Argumenta</span> <span class='ocrx_word' id='word_1_260' title='bbox 1959 3217 2145 3293; x_wconf 87' lang='lat' dir='ltr'>hujus</span> <span class='ocrx_word' id='word_1_261' title='bbox 2173 3234 2316 3271; x_wconf 90' lang='lat' dir='ltr'>nos-</span> 
     </span>
    </p>
   </div>
   <div class='ocr_carea' id='block_1_5' title="bbox 208 3314 2314 3476">
    <p class='ocr_par' dir='ltr' id='par_1_6' title="bbox 208 3314 2314 3476">
     <span class='ocr_line' id='line_1_32' title="bbox 208 3314 2314 3400; baseline -0.003 -26"><span class='ocrx_word' id='word_1_262' title='bbox 208 3327 315 3374; x_wconf 83' lang='lat' dir='ltr'>trae</span> <span class='ocrx_word' id='word_1_263' title='bbox 355 3321 653 3394; x_wconf 91' lang='lat' dir='ltr'>opinionis</span> <span class='ocrx_word' id='word_1_264' title='bbox 682 3366 696 3392; x_wconf 91' lang='lat'>,</span> <span class='ocrx_word' id='word_1_265' title='bbox 740 3330 798 3378; x_wconf 89' lang='lat' dir='ltr'>et</span> <span class='ocrx_word' id='word_1_266' title='bbox 850 3330 1058 3379; x_wconf 88' lang='lat' dir='ltr'>caetera</span> <span class='ocrx_word' id='word_1_267' title='bbox 1096 3321 1381 3379; x_wconf 87' lang='lat' dir='ltr'>familiam</span> <span class='ocrx_word' id='word_1_268' title='bbox 1432 3321 1758 3399; x_wconf 89' lang='lat' dir='ltr'>spectantia</span> <span class='ocrx_word' id='word_1_269' title='bbox 1787 3320 1954 3400; x_wconf 13' lang='lat' dir='ltr'>*infra</span> <span class='ocrx_word' id='word_1_270' title='bbox 1990 3317 2184 3375; x_wconf 90' lang='lat' dir='ltr'>tribus</span> <span class='ocrx_word' id='word_1_271' title='bbox 2222 3314 2314 3369; x_wconf 89' lang='lat' dir='ltr'>di-</span> 
     </span>
     <span class='ocr_line' id='line_1_33' title="bbox 212 3418 687 3476; baseline 0.002 -3"><span class='ocrx_word' id='word_1_272' title='bbox 212 3435 404 3474; x_wconf 90' lang='lat' dir='ltr'>versas</span> <span class='ocrx_word' id='word_1_273' title='bbox 442 3418 687 3476; x_wconf 87' lang='lat' dir='ltr'>videbis.</span> 
     </span>
    </p>
   </div>
  </div>
 </body>
</html>
