<?xml version="1.0" encoding="UTF-8"?>
<!DOCTYPE html PUBLIC "-//W3C//DTD XHTML 1.0 Transitional//EN"
    "http://www.w3.org/TR/xhtml1/DTD/xhtml1-transitional.dtd">
<html xmlns="http://www.w3.org/1999/xhtml" xml:lang="en" lang="en">
 <head>
  <title>
</title>
<meta http-equiv="Content-Type" content="text/html;charset=utf-8" />
  <meta name='ocr-system' content='tesseract 3.04.00' />
  <meta name='ocr-capabilities' content='ocr_page ocr_carea ocr_par ocr_line ocrx_word'/>
</head>
<body>
  <div class='ocr_page' id='page_1' title='image "algaemarismedite00agar_0116.png"; bbox 0 0 2508 4022; ppageno 0'>
   <div class='ocr_carea' id='block_1_1' title="bbox 1094 221 1408 277">
    <p class='ocr_par' dir='ltr' id='par_1_1' title="bbox 1094 221 1408 277">
     <span class='ocr_line' id='line_1_1' title="bbox 1094 221 1408 277; baseline 0.006 -15"><span class='ocrx_word' id='word_1_1' title='bbox 1094 221 1408 277; x_wconf 48' lang='lat'>„93—</span> 
     </span>
    </p>
   </div>
   <div class='ocr_carea' id='block_1_2' title="bbox 200 345 2298 519">
    <p class='ocr_par' dir='ltr' id='par_1_2' title="bbox 200 345 2298 519">
     <span class='ocr_line' id='line_1_2' title="bbox 203 345 2298 422; baseline 0.003 -22"><span class='ocrx_word' id='word_1_2' title='bbox 203 346 502 400; x_wconf 88' lang='lat' dir='ltr'>exterioris</span> <span class='ocrx_word' id='word_1_3' title='bbox 547 363 697 399; x_wconf 87' lang='lat' dir='ltr'>nova</span> <span class='ocrx_word' id='word_1_4' title='bbox 747 345 1099 401; x_wconf 70' lang='lat' dir='ltr'>cellularum</span> <span class='ocrx_word' id='word_1_5' title='bbox 1146 346 1670 422; x_wconf 80' lang='lat' dir='ltr'>granuliformium</span> <span class='ocrx_word' id='word_1_6' title='bbox 1726 349 1896 403; x_wconf 81' lang='lat' dir='ltr'>series</span> <span class='ocrx_word' id='word_1_7' title='bbox 1942 351 2082 419; x_wconf 86' lang='lat' dir='ltr'>exit,</span> <span class='ocrx_word' id='word_1_8' title='bbox 2135 350 2298 407; x_wconf 74' lang='lat' dir='ltr'>unde</span> 
     </span>
     <span class='ocr_line' id='line_1_3' title="bbox 200 444 1645 519; baseline 0.001 -21"><span class='ocrx_word' id='word_1_9' title='bbox 200 444 456 519; x_wconf 87' lang='lat' dir='ltr'>speciem</span> <span class='ocrx_word' id='word_1_10' title='bbox 488 447 879 499; x_wconf 79' lang='lat' dir='ltr'>Nemostomoe</span> <span class='ocrx_word' id='word_1_11' title='bbox 910 448 1105 518; x_wconf 88' lang='lat' dir='ltr'>primo</span> <span class='ocrx_word' id='word_1_12' title='bbox 1135 447 1357 500; x_wconf 89' lang='lat' dir='ltr'>intuitu</span> <span class='ocrx_word' id='word_1_13' title='bbox 1385 447 1645 502; x_wconf 83' lang='lat' dir='ltr'>aemulat.</span> 
     </span>
    </p>
   </div>
   <div class='ocr_carea' id='block_1_3' title="bbox 201 565 1908 898">
    <p class='ocr_par' dir='ltr' id='par_1_3' title="bbox 201 565 1908 898">
     <span class='ocr_line' id='line_1_4' title="bbox 204 565 1908 649; baseline 0.002 -26"><span class='ocrx_word' id='word_1_14' title='bbox 204 567 328 623; x_wconf 79' lang='grc'><strong>185.</strong></span> <span class='ocrx_word' id='word_1_15' title='bbox 368 571 428 620; x_wconf 89' lang='lat' dir='ltr'>H.</span> <span class='ocrx_word' id='word_1_16' title='bbox 453 565 878 624; x_wconf 67' lang='lat' dir='ltr'>fflonarcliana</span> <span class='ocrx_word' id='word_1_17' title='bbox 900 570 1090 625; x_wconf 73' lang='grc' dir='ltr'><strong>Μοηῐ.</strong></span> <span class='ocrx_word' id='word_1_18' title='bbox 1119 574 1318 646; x_wconf 59' lang='lat' dir='ltr'>Crypa</span> <span class='ocrx_word' id='word_1_19' title='bbox 1346 569 1566 648; x_wconf 76' lang='lat' dir='ltr'>Algier</span> <span class='ocrx_word' id='word_1_20' title='bbox 1586 592 1643 626; x_wconf 84' lang='grc' dir='ltr'>η.</span> <span class='ocrx_word' id='word_1_21' title='bbox 1672 572 1746 628; x_wconf 82' lang='grc'>50</span> <span class='ocrx_word' id='word_1_22' title='bbox 1768 593 1828 649; x_wconf 79' lang='lat' dir='ltr'>p.</span> <span class='ocrx_word' id='word_1_23' title='bbox 1856 591 1908 647; x_wconf 86' lang='lat'>9.</span> 
     </span>
     <span class='ocr_line' id='line_1_5' title="bbox 201 690 1271 770; baseline 0.002 -25"><span class='ocrx_word' id='word_1_24' title='bbox 201 690 327 762; x_wconf 66' lang='grc'><strong>184.</strong></span> <span class='ocrx_word' id='word_1_25' title='bbox 373 695 454 748; x_wconf 89' lang='grc' dir='ltr'>Η.</span> <span class='ocrx_word' id='word_1_26' title='bbox 479 690 767 770; x_wconf 78' lang='lat' dir='ltr'>elongata</span> <span class='ocrx_word' id='word_1_27' title='bbox 788 692 914 770; x_wconf 76' lang='lat' dir='ltr'>Ag.</span> <span class='ocrx_word' id='word_1_28' title='bbox 943 712 1104 770; x_wconf 78' lang='lat' dir='ltr'><strong><em>Sp-p.</em></strong></span> <span class='ocrx_word' id='word_1_29' title='bbox 1138 711 1271 767; x_wconf 84' lang='lat'><strong>209.</strong></span> 
     </span>
     <span class='ocr_line' id='line_1_6' title="bbox 260 833 1618 898; baseline 0.004 -19"><span class='ocrx_word' id='word_1_30' title='bbox 260 833 385 881; x_wconf 82' lang='lat' dir='ltr'>Hah.</span> <span class='ocrx_word' id='word_1_31' title='bbox 411 849 470 880; x_wconf 82' lang='lat' dir='ltr'>ex</span> <span class='ocrx_word' id='word_1_32' title='bbox 491 836 588 880; x_wconf 85' lang='lat' dir='ltr'>oris</span> <span class='ocrx_word' id='word_1_33' title='bbox 614 835 865 897; x_wconf 64' lang='lat' dir='ltr'>Hispanias</span> <span class='ocrx_word' id='word_1_34' title='bbox 892 834 1234 881; x_wconf 73' lang='lat' dir='ltr'>Mediterancis</span> <span class='ocrx_word' id='word_1_35' title='bbox 1260 852 1330 898; x_wconf 85' lang='lat' dir='ltr'>sp.</span> <span class='ocrx_word' id='word_1_36' title='bbox 1360 837 1403 883; x_wconf 82' lang='lat' dir='ltr'>d.</span> <span class='ocrx_word' id='word_1_37' title='bbox 1434 836 1618 884; x_wconf 71' lang='lat' dir='ltr'>Soller!</span> 
     </span>
    </p>
   </div>
   <div class='ocr_carea' id='block_1_4' title="bbox 194 963 2291 1137">
    <p class='ocr_par' dir='ltr' id='par_1_4' title="bbox 194 963 2291 1137">
     <span class='ocr_line' id='line_1_7' title="bbox 269 963 2291 1045; baseline 0.003 -26"><span class='ocrx_word' id='word_1_38' title='bbox 269 963 312 1019; x_wconf 90' lang='lat' dir='ltr'><strong>A</strong></span> <span class='ocrx_word' id='word_1_39' title='bbox 361 963 612 1021; x_wconf 87' lang='lat' dir='ltr'>Greville</span> <span class='ocrx_word' id='word_1_40' title='bbox 637 976 705 1022; x_wconf 90' lang='lat' dir='ltr'>ut</span> <span class='ocrx_word' id='word_1_41' title='bbox 734 965 925 1021; x_wconf 76' lang='lat' dir='ltr'>forma</span> <span class='ocrx_word' id='word_1_42' title='bbox 952 970 1030 1021; x_wconf 88' lang='lat' dir='ltr'>H.</span> <span class='ocrx_word' id='word_1_43' title='bbox 1073 965 1356 1044; x_wconf 72' lang='lat' dir='ltr'>ligulatoe</span> <span class='ocrx_word' id='word_1_44' title='bbox 1384 968 1734 1037; x_wconf 78' lang='lat' dir='ltr'>existimata,</span> <span class='ocrx_word' id='word_1_45' title='bbox 1769 969 1868 1024; x_wconf 86' lang='lat' dir='ltr'>sed</span> <span class='ocrx_word' id='word_1_46' title='bbox 1898 988 2032 1025; x_wconf 89' lang='lat' dir='ltr'>meo</span> <span class='ocrx_word' id='word_1_47' title='bbox 2065 968 2291 1045; x_wconf 84' lang='lat' dir='ltr'>judicio</span> 
     </span>
     <span class='ocr_line' id='line_1_8' title="bbox 194 1067 1994 1137; baseline 0 -15"><span class='ocrx_word' id='word_1_48' title='bbox 194 1067 458 1133; x_wconf 83' lang='lat' dir='ltr'>diversa3</span> <span class='ocrx_word' id='word_1_49' title='bbox 489 1067 679 1122; x_wconf 84' lang='lat' dir='ltr'>forma</span> <span class='ocrx_word' id='word_1_50' title='bbox 706 1067 904 1121; x_wconf 84' lang='lat' dir='ltr'>colore</span> <span class='ocrx_word' id='word_1_51' title='bbox 929 1078 1004 1137; x_wconf 75' lang='lat' dir='ltr'>et,</span> <span class='ocrx_word' id='word_1_52' title='bbox 1028 1067 1088 1122; x_wconf 86' lang='lat' dir='ltr'>ni</span> <span class='ocrx_word' id='word_1_53' title='bbox 1112 1068 1300 1136; x_wconf 77' lang='lat' dir='ltr'>fallor,</span> <span class='ocrx_word' id='word_1_54' title='bbox 1324 1077 1624 1123; x_wconf 81' lang='lat' dir='ltr'>structura</span> <span class='ocrx_word' id='word_1_55' title='bbox 1651 1069 1994 1124; x_wconf 76' lang='lat' dir='ltr'>abludente.</span> 
     </span>
    </p>
   </div>
   <div class='ocr_carea' id='block_1_5' title="bbox 194 1210 1260 1289">
    <p class='ocr_par' dir='ltr' id='par_1_5' title="bbox 194 1210 1260 1289">
     <span class='ocr_line' id='line_1_9' title="bbox 194 1210 1260 1289; baseline 0 -24"><span class='ocrx_word' id='word_1_56' title='bbox 194 1210 318 1267; x_wconf 79' lang='lat'>185.</span> <span class='ocrx_word' id='word_1_57' title='bbox 359 1213 438 1266; x_wconf 85' lang='grc' dir='ltr'>Η.</span> <span class='ocrx_word' id='word_1_58' title='bbox 472 1213 721 1289; x_wconf 76' lang='lat' dir='ltr'>trigona</span> <span class='ocrx_word' id='word_1_59' title='bbox 762 1229 892 1289; x_wconf 78' lang='lat' dir='ltr'>gV.</span> <span class='ocrx_word' id='word_1_60' title='bbox 916 1230 1000 1288; x_wconf 76' lang='lat' dir='ltr'>sp.</span> <span class='ocrx_word' id='word_1_61' title='bbox 1025 1231 1084 1288; x_wconf 81' lang='lat' dir='ltr'>p.</span> <span class='ocrx_word' id='word_1_62' title='bbox 1127 1230 1260 1267; x_wconf 87' lang='lat'><strong>211.</strong></span> 
     </span>
    </p>
   </div>
   <div class='ocr_carea' id='block_1_6' title="bbox 180 1346 2289 1496">
    <p class='ocr_par' dir='ltr' id='par_1_6' title="bbox 180 1346 2289 1496">
     <span class='ocr_line' id='line_1_10' title="bbox 247 1346 2289 1414; baseline 0.004 -20"><span class='ocrx_word' id='word_1_63' title='bbox 247 1348 378 1396; x_wconf 81' lang='lat' dir='ltr'>Hah.</span> <span class='ocrx_word' id='word_1_64' title='bbox 409 1350 459 1393; x_wconf 90' lang='lat' dir='ltr'>in</span> <span class='ocrx_word' id='word_1_65' title='bbox 488 1349 845 1395; x_wconf 87' lang='lat' dir='ltr'>Mediterraneo</span> <span class='ocrx_word' id='word_1_66' title='bbox 873 1350 1057 1404; x_wconf 83' lang='lat' dir='ltr'>rarius;</span> <span class='ocrx_word' id='word_1_67' title='bbox 1086 1350 1145 1395; x_wconf 80' lang='lat' dir='ltr'>ad</span> <span class='ocrx_word' id='word_1_68' title='bbox 1176 1349 1441 1395; x_wconf 81' lang='lat' dir='ltr'>Massiliam</span> <span class='ocrx_word' id='word_1_69' title='bbox 1468 1346 1566 1408; x_wconf 78' lang='lat' dir='ltr'>Ipse</span> <span class='ocrx_word' id='word_1_70' title='bbox 1580 1346 1598 1394; x_wconf 74' lang='lat' dir='ltr'><em>J</em></span> <span class='ocrx_word' id='word_1_71' title='bbox 1626 1350 1683 1396; x_wconf 79' lang='lat' dir='ltr'>ad</span> <span class='ocrx_word' id='word_1_72' title='bbox 1725 1351 1889 1412; x_wconf 82' lang='lat' dir='ltr'>Algier</span> <span class='ocrx_word' id='word_1_73' title='bbox 1913 1349 2082 1398; x_wconf 75' lang='lat' dir='ltr'>Russel</span> <span class='ocrx_word' id='word_1_74' title='bbox 2108 1350 2183 1414; x_wconf 87' lang='lat' dir='ltr'>(ex</span> <span class='ocrx_word' id='word_1_75' title='bbox 2211 1353 2289 1403; x_wconf 85' lang='lat' dir='ltr'>Cl.</span> 
     </span>
     <span class='ocr_line' id='line_1_11' title="bbox 180 1437 483 1496; baseline 0.003 -17"><span class='ocrx_word' id='word_1_76' title='bbox 180 1437 483 1496; x_wconf 85' lang='lat' dir='ltr'>Montague).</span> 
     </span>
    </p>
   </div>
   <div class='ocr_carea' id='block_1_7' title="bbox 172 1558 2289 2332">
    <p class='ocr_par' dir='ltr' id='par_1_7' title="bbox 172 1558 2289 2332">
     <span class='ocr_line' id='line_1_12' title="bbox 257 1558 2285 1619; baseline 0.001 -4"><span class='ocrx_word' id='word_1_77' title='bbox 257 1558 714 1615; x_wconf 85' lang='lat' dir='ltr'>Ramificatione</span> <span class='ocrx_word' id='word_1_78' title='bbox 743 1570 800 1615; x_wconf 86' lang='lat' dir='ltr'>et</span> <span class='ocrx_word' id='word_1_79' title='bbox 829 1559 1115 1614; x_wconf 77' lang='lat' dir='ltr'>exteriore</span> <span class='ocrx_word' id='word_1_80' title='bbox 1142 1560 1333 1613; x_wconf 86' lang='lat' dir='ltr'>forma</span> <span class='ocrx_word' id='word_1_81' title='bbox 1361 1578 1503 1614; x_wconf 89' lang='lat' dir='ltr'>cum</span> <span class='ocrx_word' id='word_1_82' title='bbox 1546 1558 1721 1615; x_wconf 75' lang='lat' dir='ltr'>Dum.</span> <span class='ocrx_word' id='word_1_83' title='bbox 1746 1564 2088 1618; x_wconf 74' lang='lat' dir='ltr'>ventricosa</span> <span class='ocrx_word' id='word_1_84' title='bbox 2116 1566 2285 1619; x_wconf 81' lang='lat' dir='ltr'>Lam.</span> 
     </span>
     <span class='ocr_line' id='line_1_13' title="bbox 175 1657 2287 1736; baseline 0.001 -23"><span class='ocrx_word' id='word_1_85' title='bbox 175 1659 374 1714; x_wconf 83' lang='lat' dir='ltr'>forsan</span> <span class='ocrx_word' id='word_1_86' title='bbox 398 1661 580 1734; x_wconf 78' lang='lat' dir='ltr'>magis</span> <span class='ocrx_word' id='word_1_87' title='bbox 606 1678 790 1734; x_wconf 88' lang='lat' dir='ltr'>quam</span> <span class='ocrx_word' id='word_1_88' title='bbox 811 1657 934 1714; x_wconf 91' lang='lat' dir='ltr'>aliis</span> <span class='ocrx_word' id='word_1_89' title='bbox 959 1659 1254 1727; x_wconf 87' lang='lat' dir='ltr'>convenit,</span> <span class='ocrx_word' id='word_1_90' title='bbox 1271 1669 1330 1714; x_wconf 90' lang='lat' dir='ltr'>at</span> <span class='ocrx_word' id='word_1_91' title='bbox 1346 1668 1643 1715; x_wconf 79' lang='lat' dir='ltr'>structura</span> <span class='ocrx_word' id='word_1_92' title='bbox 1666 1680 2028 1736; x_wconf 79' lang='lat' dir='ltr'>magnopere</span> <span class='ocrx_word' id='word_1_93' title='bbox 2044 1662 2287 1718; x_wconf 83' lang='lat' dir='ltr'>diversa.</span> 
     </span>
     <span class='ocr_line' id='line_1_14' title="bbox 174 1758 2289 1833; baseline 0.002 -19"><span class='ocrx_word' id='word_1_94' title='bbox 174 1758 283 1815; x_wconf 88' lang='lat' dir='ltr'>Illa</span> <span class='ocrx_word' id='word_1_95' title='bbox 308 1779 440 1816; x_wconf 91' lang='lat' dir='ltr'>vere</span> <span class='ocrx_word' id='word_1_96' title='bbox 460 1758 745 1815; x_wconf 87' lang='lat' dir='ltr'>tubulosa</span> <span class='ocrx_word' id='word_1_97' title='bbox 770 1768 828 1814; x_wconf 91' lang='lat' dir='ltr'>et</span> <span class='ocrx_word' id='word_1_98' title='bbox 844 1768 1051 1815; x_wconf 89' lang='lat' dir='ltr'>utrum</span> <span class='ocrx_word' id='word_1_99' title='bbox 1062 1777 1180 1833; x_wconf 87' lang='lat' dir='ltr'>que</span> <span class='ocrx_word' id='word_1_100' title='bbox 1197 1769 1452 1814; x_wconf 86' lang='lat' dir='ltr'>stratum</span> <span class='ocrx_word' id='word_1_101' title='bbox 1470 1759 1830 1816; x_wconf 80' lang='lat' dir='ltr'>cellularum</span> <span class='ocrx_word' id='word_1_102' title='bbox 1849 1760 2076 1817; x_wconf 87' lang='lat' dir='ltr'>cellulis</span> <span class='ocrx_word' id='word_1_103' title='bbox 2094 1771 2289 1818; x_wconf 80' lang='lat' dir='ltr'>trans·</span> 
     </span>
     <span class='ocr_line' id='line_1_15' title="bbox 172 1857 2279 1934; baseline 0.001 -18"><span class='ocrx_word' id='word_1_104' title='bbox 172 1857 471 1916; x_wconf 86' lang='lat' dir='ltr'>versaliter</span> <span class='ocrx_word' id='word_1_105' title='bbox 497 1858 744 1934; x_wconf 80' lang='lat' dir='ltr'>singulis</span> <span class='ocrx_word' id='word_1_106' title='bbox 762 1858 1171 1923; x_wconf 84' lang='lat' dir='ltr'>constituitur,</span> <span class='ocrx_word' id='word_1_107' title='bbox 1190 1869 1394 1914; x_wconf 86' lang='lat' dir='ltr'>centro</span> <span class='ocrx_word' id='word_1_108' title='bbox 1412 1859 1641 1915; x_wconf 76' lang='lat' dir='ltr'>frondis</span> <span class='ocrx_word' id='word_1_109' title='bbox 1664 1857 1781 1913; x_wconf 75' lang='lat' dir='ltr'>fere</span> <span class='ocrx_word' id='word_1_110' title='bbox 1798 1861 2048 1915; x_wconf 90' lang='lat' dir='ltr'>omnino</span> <span class='ocrx_word' id='word_1_111' title='bbox 2067 1881 2279 1918; x_wconf 76' lang='lat' dir='ltr'>vacuo,</span> 
     </span>
     <span class='ocr_line' id='line_1_16' title="bbox 173 1958 2286 2035; baseline 0.001 -22"><span class='ocrx_word' id='word_1_112' title='bbox 173 1958 244 2013; x_wconf 93' lang='lat' dir='ltr'>In</span> <span class='ocrx_word' id='word_1_113' title='bbox 270 1963 350 2014; x_wconf 87' lang='lat' dir='ltr'>H.</span> <span class='ocrx_word' id='word_1_114' title='bbox 376 1960 620 2035; x_wconf 76' lang='lat' dir='ltr'>trigona</span> <span class='ocrx_word' id='word_1_115' title='bbox 639 1967 725 2013; x_wconf 89' lang='lat' dir='ltr'>est</span> <span class='ocrx_word' id='word_1_116' title='bbox 750 1967 1004 2014; x_wconf 88' lang='lat' dir='ltr'>stratum</span> <span class='ocrx_word' id='word_1_117' title='bbox 1025 1958 1280 2015; x_wconf 86' lang='lat' dir='ltr'>exterius</span> <span class='ocrx_word' id='word_1_118' title='bbox 1303 1958 1659 2015; x_wconf 83' lang='lat' dir='ltr'>cellularum</span> <span class='ocrx_word' id='word_1_119' title='bbox 1699 1962 2286 2017; x_wconf 89' lang='lat' dir='ltr'>anastomosantium</span> 
     </span>
     <span class='ocr_line' id='line_1_17' title="bbox 175 2055 2287 2126; baseline 0.002 -14"><span class='ocrx_word' id='word_1_120' title='bbox 175 2057 400 2113; x_wconf 89' lang='lat' dir='ltr'>cellulis</span> <span class='ocrx_word' id='word_1_121' title='bbox 427 2057 765 2113; x_wconf 87' lang='lat' dir='ltr'>numerosis</span> <span class='ocrx_word' id='word_1_122' title='bbox 792 2055 1143 2126; x_wconf 80' lang='lat' dir='ltr'>formatum,</span> <span class='ocrx_word' id='word_1_123' title='bbox 1180 2067 1237 2112; x_wconf 90' lang='lat' dir='ltr'>et</span> <span class='ocrx_word' id='word_1_124' title='bbox 1261 2058 1567 2114; x_wconf 87' lang='lat' dir='ltr'>internum</span> <span class='ocrx_word' id='word_1_125' title='bbox 1602 2057 1833 2115; x_wconf 82' lang='lat' dir='ltr'>frondis</span> <span class='ocrx_word' id='word_1_126' title='bbox 1860 2057 1974 2114; x_wconf 86' lang='lat' dir='ltr'>filis</span> <span class='ocrx_word' id='word_1_127' title='bbox 1999 2060 2287 2117; x_wconf 87' lang='lat' dir='ltr'>intricatis</span> 
     </span>
     <span class='ocr_line' id='line_1_18' title="bbox 173 2152 2281 2235; baseline 0.003 -25"><span class='ocrx_word' id='word_1_128' title='bbox 173 2167 528 2230; x_wconf 82' lang='lat' dir='ltr'>occupatur.</span> <span class='ocrx_word' id='word_1_129' title='bbox 576 2159 655 2211; x_wconf 87' lang='lat' dir='ltr'>H.</span> <span class='ocrx_word' id='word_1_130' title='bbox 669 2152 1032 2233; x_wconf 68' lang='lat' dir='ltr'>famellam,</span> <span class='ocrx_word' id='word_1_131' title='bbox 1080 2154 1253 2231; x_wconf 76' lang='lat' dir='ltr'>cujus</span> <span class='ocrx_word' id='word_1_132' title='bbox 1281 2155 1381 2212; x_wconf 89' lang='lat' dir='ltr'>fila</span> <span class='ocrx_word' id='word_1_133' title='bbox 1407 2158 1687 2235; x_wconf 86' lang='lat' dir='ltr'>interiora</span> <span class='ocrx_word' id='word_1_134' title='bbox 1732 2159 2078 2215; x_wconf 89' lang='lat' dir='ltr'>tenuissima</span> <span class='ocrx_word' id='word_1_135' title='bbox 2117 2171 2281 2232; x_wconf 77' lang='lat' dir='ltr'>sunt,</span> 
     </span>
     <span class='ocr_line' id='line_1_19' title="bbox 175 2256 1338 2332; baseline 0.002 -22"><span class='ocrx_word' id='word_1_136' title='bbox 175 2256 350 2311; x_wconf 87' lang='lat' dir='ltr'>facile</span> <span class='ocrx_word' id='word_1_137' title='bbox 371 2256 488 2311; x_wconf 90' lang='lat' dir='ltr'>hoc</span> <span class='ocrx_word' id='word_1_138' title='bbox 515 2256 858 2312; x_wconf 82' lang='lat' dir='ltr'>charactere</span> <span class='ocrx_word' id='word_1_139' title='bbox 880 2256 1285 2332; x_wconf 80' lang='lat' dir='ltr'>distinguitur.</span> <span class='ocrx_word' id='word_1_140' title='bbox 1336 2262 1338 2265; x_wconf 78' lang='grc'>’</span> 
     </span>
    </p>
   </div>
   <div class='ocr_carea' id='block_1_8' title="bbox 188 2388 1342 2468">
    <p class='ocr_par' dir='ltr' id='par_1_8' title="bbox 188 2388 1342 2468">
     <span class='ocr_line' id='line_1_20' title="bbox 188 2388 1342 2468; baseline 0.001 -23"><span class='ocrx_word' id='word_1_141' title='bbox 188 2390 316 2448; x_wconf 81' lang='grc'><strong>186.</strong></span> <span class='ocrx_word' id='word_1_142' title='bbox 367 2388 793 2466; x_wconf 75' lang='lat' dir='ltr'>H.ficrcellcztcz</span> <span class='ocrx_word' id='word_1_143' title='bbox 830 2390 952 2468; x_wconf 76' lang='lat' dir='ltr'>Ag.</span> <span class='ocrx_word' id='word_1_144' title='bbox 998 2409 1158 2467; x_wconf 79' lang='lat' dir='ltr'><em>Sp-p-</em></span> <span class='ocrx_word' id='word_1_145' title='bbox 1200 2392 1342 2446; x_wconf 82' lang='lat'>212!</span> 
     </span>
    </p>
   </div>
   <div class='ocr_carea' id='block_1_9' title="bbox 240 2535 1595 2597">
    <p class='ocr_par' dir='ltr' id='par_1_9' title="bbox 240 2535 1595 2597">
     <span class='ocr_line' id='line_1_21' title="bbox 240 2535 1595 2597; baseline 0 -15"><span class='ocrx_word' id='word_1_146' title='bbox 240 2536 370 2583; x_wconf 82' lang='lat' dir='ltr'>Hah.</span> <span class='ocrx_word' id='word_1_147' title='bbox 398 2538 451 2582; x_wconf 88' lang='lat' dir='ltr'>in</span> <span class='ocrx_word' id='word_1_148' title='bbox 477 2538 604 2584; x_wconf 87' lang='lat' dir='ltr'>mari</span> <span class='ocrx_word' id='word_1_149' title='bbox 632 2536 880 2583; x_wconf 74' lang='lat' dir='ltr'>Adriatico</span> <span class='ocrx_word' id='word_1_150' title='bbox 908 2536 963 2583; x_wconf 85' lang='lat' dir='ltr'>ad</span> <span class='ocrx_word' id='word_1_151' title='bbox 991 2538 1281 2597; x_wconf 80' lang='lat' dir='ltr'>Tergestum</span> <span class='ocrx_word' id='word_1_152' title='bbox 1305 2535 1595 2583; x_wconf 66' lang='lat' dir='ltr'>Biasolettol</span> 
     </span>
    </p>
   </div>
   <div class='ocr_carea' id='block_1_10' title="bbox 259 2676 798 2741">
    <p class='ocr_par' dir='ltr' id='par_1_10' title="bbox 259 2676 798 2741">
     <span class='ocr_line' id='line_1_22' title="bbox 259 2676 798 2741; baseline -0.002 -6"><span class='ocrx_word' id='word_1_153' title='bbox 259 2683 321 2741; x_wconf 89' lang='lat' dir='ltr'><em>V</em></span> <span class='ocrx_word' id='word_1_154' title='bbox 315 2699 404 2736; x_wconf 78' lang='lat' dir='ltr'>ar.</span> <span class='ocrx_word' id='word_1_155' title='bbox 435 2676 798 2736; x_wconf 69' lang='lat' dir='ltr'>subcostatcz,</span> 
     </span>
    </p>
   </div>
   <div class='ocr_carea' id='block_1_11' title="bbox 176 2815 2282 3291">
    <p class='ocr_par' dir='ltr' id='par_1_11' title="bbox 176 2815 2282 3291">
     <span class='ocr_line' id='line_1_23' title="bbox 255 2815 2281 2892; baseline -0.001 -16"><span class='ocrx_word' id='word_1_156' title='bbox 255 2817 611 2876; x_wconf 88' lang='lat' dir='ltr'>Varietatem</span> <span class='ocrx_word' id='word_1_157' title='bbox 658 2815 1048 2890; x_wconf 79' lang='lat' dir='ltr'>praecedentis</span> <span class='ocrx_word' id='word_1_158' title='bbox 1095 2816 1475 2890; x_wconf 78' lang='lat' dir='ltr'>crediderim,</span> <span class='ocrx_word' id='word_1_159' title='bbox 1522 2817 1657 2872; x_wconf 92' lang='lat' dir='ltr'>licet</span> <span class='ocrx_word' id='word_1_160' title='bbox 1691 2837 1723 2872; x_wconf 91' lang='lat' dir='ltr'>a</span> <span class='ocrx_word' id='word_1_161' title='bbox 1763 2815 1955 2873; x_wconf 88' lang='lat' dir='ltr'>forma</span> <span class='ocrx_word' id='word_1_162' title='bbox 1998 2818 2281 2892; x_wconf 87' lang='lat' dir='ltr'>primaria</span> 
     </span>
     <span class='ocr_line' id='line_1_24' title="bbox 176 2915 2282 2989; baseline 0 -18"><span class='ocrx_word' id='word_1_163' title='bbox 176 2918 580 2989; x_wconf 82' lang='lat' dir='ltr'>maximopere</span> <span class='ocrx_word' id='word_1_164' title='bbox 617 2915 871 2971; x_wconf 84' lang='lat' dir='ltr'>abludit.</span> <span class='ocrx_word' id='word_1_165' title='bbox 907 2915 1090 2970; x_wconf 90' lang='lat' dir='ltr'>Frons</span> <span class='ocrx_word' id='word_1_166' title='bbox 1116 2934 1311 2989; x_wconf 84' lang='lat' dir='ltr'>usque</span> <span class='ocrx_word' id='word_1_167' title='bbox 1353 2916 1736 2989; x_wconf 79' lang='lat' dir='ltr'>5—pollicariS,</span> <span class='ocrx_word' id='word_1_168' title='bbox 1762 2917 1977 2973; x_wconf 85' lang='lat' dir='ltr'>lineam</span> <span class='ocrx_word' id='word_1_169' title='bbox 2003 2927 2059 2974; x_wconf 92' lang='lat' dir='ltr'>et</span> <span class='ocrx_word' id='word_1_170' title='bbox 2098 2919 2282 2974; x_wconf 89' lang='lat' dir='ltr'>dimi-</span> 
     </span>
     <span class='ocr_line' id='line_1_25' title="bbox 179 3014 2279 3091; baseline -0.001 -19"><span class='ocrx_word' id='word_1_171' title='bbox 179 3017 342 3072; x_wconf 87' lang='lat' dir='ltr'>diam</span> <span class='ocrx_word' id='word_1_172' title='bbox 368 3017 431 3070; x_wconf 93' lang='lat' dir='ltr'>in</span> <span class='ocrx_word' id='word_1_173' title='bbox 456 3016 744 3071; x_wconf 84' lang='lat' dir='ltr'>exsiccata</span> <span class='ocrx_word' id='word_1_174' title='bbox 768 3014 905 3084; x_wconf 80' lang='lat' dir='ltr'>lata,</span> <span class='ocrx_word' id='word_1_175' title='bbox 938 3014 1109 3088; x_wconf 86' lang='lat' dir='ltr'>quasi</span> <span class='ocrx_word' id='word_1_176' title='bbox 1132 3024 1291 3070; x_wconf 86' lang='lat' dir='ltr'>costa</span> <span class='ocrx_word' id='word_1_177' title='bbox 1323 3034 1626 3088; x_wconf 80' lang='lat' dir='ltr'>percursa,</span> <span class='ocrx_word' id='word_1_178' title='bbox 1659 3035 1919 3091; x_wconf 89' lang='lat' dir='ltr'>superne</span> <span class='ocrx_word' id='word_1_179' title='bbox 1944 3015 2279 3072; x_wconf 89' lang='lat' dir='ltr'>articulato-</span> 
     </span>
     <span class='ocr_line' id='line_1_26' title="bbox 181 3113 2279 3192; baseline 0 -20"><span class='ocrx_word' id='word_1_180' title='bbox 181 3117 526 3185; x_wconf 81' lang='lat' dir='ltr'>constricta‚</span> <span class='ocrx_word' id='word_1_181' title='bbox 553 3115 819 3171; x_wconf 86' lang='lat' dir='ltr'>articulis</span> <span class='ocrx_word' id='word_1_182' title='bbox 843 3114 1244 3190; x_wconf 80' lang='lat' dir='ltr'>cylindraceis.</span> <span class='ocrx_word' id='word_1_183' title='bbox 1277 3113 1430 3170; x_wconf 89' lang='lat' dir='ltr'>Cum</span> <span class='ocrx_word' id='word_1_184' title='bbox 1454 3118 1532 3170; x_wconf 89' lang='lat' dir='ltr'>H.</span> <span class='ocrx_word' id='word_1_185' title='bbox 1557 3116 1798 3192; x_wconf 76' lang='lat' dir='ltr'>trigona</span> <span class='ocrx_word' id='word_1_186' title='bbox 1824 3116 2036 3189; x_wconf 87' lang='lat' dir='ltr'>saepius</span> <span class='ocrx_word' id='word_1_187' title='bbox 2062 3116 2279 3172; x_wconf 86' lang='lat' dir='ltr'>confu-</span> 
     </span>
     <span class='ocr_line' id='line_1_27' title="bbox 182 3208 1949 3291; baseline -0.003 -20"><span class='ocrx_word' id='word_1_188' title='bbox 182 3235 308 3271; x_wconf 85' lang='lat' dir='ltr'>sam</span> <span class='ocrx_word' id='word_1_189' title='bbox 331 3214 469 3281; x_wconf 83' lang='lat' dir='ltr'>vidi,</span> <span class='ocrx_word' id='word_1_190' title='bbox 495 3224 553 3269; x_wconf 89' lang='lat' dir='ltr'>at</span> <span class='ocrx_word' id='word_1_191' title='bbox 597 3225 900 3270; x_wconf 85' lang='lat' dir='ltr'>structura</span> <span class='ocrx_word' id='word_1_192' title='bbox 921 3218 1001 3272; x_wconf 85' lang='lat' dir='ltr'>H.</span> <span class='ocrx_word' id='word_1_193' title='bbox 1006 3210 1411 3291; x_wconf 71' lang='lat' dir='ltr'>ficrcellatoe5</span> <span class='ocrx_word' id='word_1_194' title='bbox 1435 3234 1508 3268; x_wconf 88' lang='lat' dir='ltr'>an</span> <span class='ocrx_word' id='word_1_195' title='bbox 1535 3233 1620 3288; x_wconf 87' lang='lat' dir='ltr'>sp.</span> <span class='ocrx_word' id='word_1_196' title='bbox 1639 3208 1949 3270; x_wconf 80' lang='lat' dir='ltr'>distincta?</span> 
     </span>
    </p>
   </div>
   <div class='ocr_carea' id='block_1_12' title="bbox 781 3384 1680 3462">
    <p class='ocr_par' dir='ltr' id='par_1_12' title="bbox 781 3384 1680 3462">
     <span class='ocr_line' id='line_1_28' title="bbox 781 3384 1680 3462; baseline -0.002 -23"><span class='ocrx_word' id='word_1_197' title='bbox 781 3404 891 3440; x_wconf 71' lang='grc' dir='ltr'>ΠΧ.</span> <span class='ocrx_word' id='word_1_198' title='bbox 937 3384 1306 3441; x_wconf 80' lang='lat' dir='ltr'><strong>KALLYMENIA</strong></span> <span class='ocrx_word' id='word_1_199' title='bbox 1356 3404 1493 3462; x_wconf 75' lang='lat' dir='ltr'>gen.</span> <span class='ocrx_word' id='word_1_200' title='bbox 1554 3402 1680 3439; x_wconf 70' lang='lat' dir='ltr'>nov.</span> 
     </span>
    </p>
   </div>
   <div class='ocr_carea' id='block_1_13' title="bbox 176 3526 2274 3804">
    <p class='ocr_par' dir='ltr' id='par_1_13' title="bbox 176 3526 2274 3804">
     <span class='ocr_line' id='line_1_29' title="bbox 264 3526 2269 3602; baseline -0.002 -14"><span class='ocrx_word' id='word_1_201' title='bbox 264 3533 447 3590; x_wconf 89' lang='lat' dir='ltr'>Frons</span> <span class='ocrx_word' id='word_1_202' title='bbox 466 3530 579 3588; x_wconf 90' lang='lat' dir='ltr'>filis</span> <span class='ocrx_word' id='word_1_203' title='bbox 597 3530 978 3587; x_wconf 89' lang='lat' dir='ltr'>interioribus</span> <span class='ocrx_word' id='word_1_204' title='bbox 995 3530 1348 3587; x_wconf 80' lang='lat' dir='ltr'>abbreviatis</span> <span class='ocrx_word' id='word_1_205' title='bbox 1372 3526 2038 3583; x_wconf 82' lang='lat' dir='ltr'>subcellulae-formibus</span> <span class='ocrx_word' id='word_1_206' title='bbox 2053 3547 2269 3602; x_wconf 86' lang='lat' dir='ltr'>parum</span> 
     </span>
     <span class='ocr_line' id='line_1_30' title="bbox 176 3627 2273 3707; baseline -0.001 -20"><span class='ocrx_word' id='word_1_207' title='bbox 176 3633 506 3689; x_wconf 83' lang='lat' dir='ltr'>intertextis</span> <span class='ocrx_word' id='word_1_208' title='bbox 531 3630 885 3707; x_wconf 84' lang='lat' dir='ltr'>granulosis,</span> <span class='ocrx_word' id='word_1_209' title='bbox 913 3650 1113 3686; x_wconf 88' lang='lat' dir='ltr'>versus</span> <span class='ocrx_word' id='word_1_210' title='bbox 1137 3627 1520 3704; x_wconf 83' lang='lat' dir='ltr'>superficiem</span> <span class='ocrx_word' id='word_1_211' title='bbox 1547 3630 1607 3683; x_wconf 89' lang='lat' dir='ltr'>in</span> <span class='ocrx_word' id='word_1_212' title='bbox 1644 3628 1884 3684; x_wconf 90' lang='lat' dir='ltr'>cellulas</span> <span class='ocrx_word' id='word_1_213' title='bbox 1919 3627 2273 3686; x_wconf 88' lang='lat' dir='ltr'>rotundatas</span> 
     </span>
     <span class='ocr_line' id='line_1_31' title="bbox 178 3723 2274 3804; baseline -0.002 -14"><span class='ocrx_word' id='word_1_214' title='bbox 178 3731 597 3792; x_wconf 83' lang='lat' dir='ltr'>subradiantes</span> <span class='ocrx_word' id='word_1_215' title='bbox 612 3729 998 3802; x_wconf 76' lang='lat' dir='ltr'>abeuntibuS‚</span> <span class='ocrx_word' id='word_1_216' title='bbox 1011 3723 1352 3787; x_wconf 63' lang='lat' dir='ltr'>constitutass</span> <span class='ocrx_word' id='word_1_217' title='bbox 1373 3727 1632 3785; x_wconf 84' lang='lat' dir='ltr'>Fructus</span> <span class='ocrx_word' id='word_1_218' title='bbox 1653 3727 1910 3804; x_wconf 84' lang='lat' dir='ltr'>duplex:</span> <span class='ocrx_word' id='word_1_219' title='bbox 1930 3725 2274 3789; x_wconf 71' lang='lat' dir='ltr'>Favellidia</span> 
     </span>
    </p>
   </div>
  </div>
 </body>
</html>
