2508 4022
1093 265 1172 272 -
1215 230 1295 286 24
1339 262 1413 272 ..-

206 362 299 418 63.
350 362 422 420 V.
460 356 866 434 AEgagropila
890 357 1014 436 Ag.
1037 375 1122 434 sp.
1152 377 1209 434 p.
1238 355 1373 413 430.

272 493 399 541 Hab.
445 493 496 536 in
521 490 693 536 lacuna
739 491 968 536 exteriori
995 491 1177 536 Veneta
1216 498 1481 548 natantem,
1516 499 1562 537 et
1590 492 1649 538 ad
1681 490 1800 537 Lido
1825 492 2025 555 copiose
2048 491 2298 553 rejectam,

204 580 296 640 legi
320 593 333 634 3
358 591 417 622 ex
439 574 598 621 insula
624 576 755 636 Pago
784 583 831 622 et
851 577 1084 638 Ter-gesto
1112 574 1245 621 dedit
1271 574 1549 624 BiasolettO.

205 701 296 759 64.
350 703 425 760 V.
468 702 756 757 intricata
790 702 913 779 Ag.
936 719 1021 778 sp.
1048 720 1108 776 p.
1137 697 1271 770 430.

271 835 395 884 Hab.
423 836 483 882 ad
505 851 617 883 saxa
633 838 683 882 in
704 837 908 883 sinubus
935 834 1351 897 tranquillissimis
1371 836 1519 882 maris
1542 848 1720 897 parum
1742 832 1994 897 profundi,
2015 836 2137 880 utin
2160 842 2306 898 portu

204 921 469 969 Liburnico
490 928 538 968 et
558 921 696 968 Villae
721 924 919 969 Francae
941 918 1039 980 Ipse
1061 935 1073 976 ;
1099 920 1145 965 in
1176 919 1422 967 Adriatico
1447 919 1506 965 ad
1534 916 1791 967 Venetiam
1815 915 1983 964 [Vardo
2007 916 2019 962 !

288 1045 563 1122 Caespites
599 1066 793 1122 usque
822 1043 1285 1121 sesquipedales.

731 1253 843 1290 xv1.
890 1231 1289 1290 ANADYOMENE
1314 1232 1437 1309 Ag.
1472 1249 1555 1309 sp.
1573 1251 1632 1308 p.
1657 1231 1790 1306 399.

205 1405 313 1463 65.·
345 1404 475 1463 An.
507 1402 772 1461 stellata.
809 1406 934 1480 Ag.
961 1420 1047 1480 sp.
1074 1422 1135 1479 p.
1169 1402 1305 1472 400.

272 1540 401 1588 Hab.
422 1542 471 1586 in
498 1540 680 1587 fissuris
726 1540 928 1602 rupium
971 1537 1253 1601 planiorum
1276 1570 1292 1595 ,
1319 1537 1368 1581 in
1411 1536 1516 1599 ipso
1559 1534 1715 1581 limite
1739 1535 1888 1580 maris
1929 1534 2070 1581 undis
2116 1533 2314 1596 soleque

206 1627 442 1689 expositi,
469 1640 645 1689 parum
687 1623 921 1687 profundi
943 1637 957 1679 ;
985 1624 1034 1668 in
1069 1621 1315 1670 Adriatico
1342 1628 1395 1666 ut
1423 1636 1483 1667 ex
1507 1619 1666 1666 insula
1698 1620 1829 1681 Pago
1855 1619 2127 1667 Biasoletto!
2153 1619 2211 1666 ad
2232 1622 2317 1667 Ni-

206 1726 360 1758 caeam
383 1708 481 1771 Ipse
501 1727 520 1768 ,-
547 1725 607 1757 ex
631 1709 1033 1773 Galloprovincia
1059 1706 1386 1767 Perreymond
1406 1705 1420 1751 !

286 1833 514 1890 Recens
562 1833 812 1889 omnino
842 1830 1407 1898 herbaceo-viridis,
1456 1827 1669 1885 foliolis
1710 1825 2319 1902 subcarnoso-rigidis

206 1934 415 1989 erectis
440 1932 612 2007 quasi
640 1931 819 1987 aridis
845 1940 903 1986 et
922 1949 997 1985 ne
1023 1929 1272 1984 minime
1299 1927 1546 2003 quidem
1567 1925 1843 1994 lubricis,
1874 1927 1932 1981 in
1949 1925 2178 1981 rosulas
2203 1924 2319 1979 mi-

207 2040 385 2087 nutas
399 2030 787 2086 inordinatim
804 2026 1152 2102 plicatis.De
1172 2038 1386 2084 natura
1407 2025 1713 2102 vegetabili
1738 2024 1902 2081 nulla
1918 2025 2091 2100 plane
2105 2022 2317 2097 dubia3

207 2129 284 2186 ad
312 2128 622 2187 Valoniam
648 2148 771 2185 sese
792 2127 974 2184 habet
999 2136 1068 2183 ut
1093 2125 1356 2182 Codium
1378 2125 1454 2181 ad
1481 2122 1894 2181 Vaucheriam.

251 2314 733 2373 xvn.CAU1.ERPA.
779 2320 1054 2372 Lamour.
1081 2320 1279 2372 Morte.
1328 2324 1537 2390 compt.
1579 2308 1748 2368 rand.
1799 2308 1874 2367 de
1916 2307 2165 2366 l⁷Acad.
2195 2306 2300 2366 des

1115 2432 1195 2470 50.
1243 2414 1406 2489 1837.

212 2551 308 2609 66.
355 2557 417 2610 C.
442 2548 733 2630 prolffera
760 2550 883 2629 Ag.
908 2569 998 2629 Sp.
1021 2571 1084 2628 p³
1114 2550 1250 2623 444.

278 2688 412 2737 flab.
439 2690 492 2735 in
516 2688 897 2746 Mediterraneo‚
926 2696 981 2734 ut
1004 2687 1204 2734 videtur
1241 2687 1494 2753 sporadice
1515 2687 1832 2750 proveniens,
1875 2684 2165 2747 plerumque
2192 2697 2323 2742 rara,

221 2789 247 2820 a
271 2788 352 2822 me
382 2788 482 2820 non
505 2773 648 2821 lecta.

296 3141 386 3197 11.
434 3138 896 3197 PUGOIDEAE.
938 3138 1061 3216 Ag.
1082 3136 1247 3216 (syst.
1266 3156 1324 3214 p.
1353 3133 1449 3193 35.
1483 3131 1590 3213 ref]
1611 3138 1657 3193 J
1670 3133 1793 3212 Ag.
1817 3136 1880 3188 in
1900 3145 2020 3189 acc.
2047 3130 2274 3208 Holm.)

296 3334 654 3395 CHARACTER.
694 3335 849 3413 Algae
887 3337 1178 3394 monoicae
1205 3331 1293 3414 (Ρ)
1324 3335 1527 3390 fructu
1560 3330 1788 3408 duplici
1828 3330 1888 3384 in
1925 3329 2140 3386 iisdem
2172 3326 2324 3383 indi-

221 3436 412 3493 viduis
431 3459 447 3507 3
481 3454 605 3492 uno
638 3436 795 3492 intra
816 3436 1216 3512 perisporium
1249 3435 1564 3512 hyalinum
1597 3431 1838 3489 nudum
1866 3439 1972 3487 aut
1998 3428 2320 3504 saepissime

222 3535 376 3591 inter
397 3532 496 3591 fila
516 3535 795 3610 stipantia
810 3532 939 3589 basi
962 3533 1207 3589 affixum
1229 3552 1466 3611 sporam
1488 3529 1783 3607 singulam
1809 3529 2068 3597 fovente;
2090 3526 2275 3581 altero
2304 3546 2317 3578 ε

223 3631 490 3708 sporidia
514 3643 689 3691 motu
716 3632 1079 3690 vivacissimo
1102 3633 1352 3708 praedita
1377 3633 1437 3687 in
1464 3627 1710 3685 ramulis
1737 3627 1962 3684 frondis
1988 3621 2318 3680 articulatae

227 3729 313 3786 vel
341 3732 399 3786 in
425 3730 538 3787 filis
560 3750 762 3805 sporas
785 3730 1301 3788 circumdantibus
1327 3737 1603 3786 contenta
1626 3726 1805 3802 (saepe
1825 3727 1882 3783 in
1912 3720 2317 3800 propagulum
