2508 4022
1112 220 1426 280 ...34-

213 345 413 402 forsan
445 341 750 400 referenda
788 341 918 409 erit,
958 360 992 397 a
1035 346 1262 420 Mesog.
1290 338 1514 419 gracili
1554 339 1781 400 Berkel.
1812 340 2034 419 Glean.
2071 339 2190 399 tab.
2227 361 2314 420 17,

194 442 261 522 f
313 463 362 515 1,
405 441 640 517 longius
686 440 928 497 distans,
973 438 1086 497 Sed
1125 438 1431 496 filamenta
1469 439 1772 497 fructifera
1810 460 1841 495 a
1879 440 2161 497 Decaisne
2208 443 2317 498 de-

210 544 374 617 picta
407 538 481 595 ad
527 537 791 614 plantam
819 535 1358 617 Sporochnoideam
1383 537 1472 594 vel
1503 539 1949 596 Laminarieam
1995 539 2197 614 potius
2227 541 2317 596 in-

204 641 482 717 digitant.

825 775 974 812 xxV1.
1019 755 1384 812 LIEBMANNIA
1419 773 1555 832 gen.
1591 775 1720 812 nov.

289 936 478 997 'Frons
504 938 730 996 cellulis
756 936 1097 995 rotundatis
1112 939 1173 994 in
1196 944 1402 992 centro
1419 935 1799 994 densioribus
1821 937 2168 1010 constituta,
2197 936 2316 995 fila-

211 1040 429 1096 mentis
452 1036 1228 1096 clavato-moniliformibus
1270 1037 1523 1092 invicem
1573 1036 1891 1093 subliberis
1917 1038 2129 1094 cincta.
2168 1037 2316 1095 Fru-

209 1150 342 1197 ctus
392 1138 657 1214 duplex?
703 1139 920 1214 Sporoe
923 1180 1118 1193 ........
1157 1144 1211 1192 2⁰
1252 1134 1612 1216 Propagula
1650 1135 1725 1191 ad
1766 1135 1998 1211 apicem
2042 1133 2318 1192 filamen-

209 1248 414 1294 torum
452 1247 511 1294 et
555 1237 779 1293 horum
828 1235 1141 1311 morphosi
1180 1246 1311 1292 orta
1349 1234 1675 1302 lancoidea,
1712 1233 1954 1290 materia
2001 1233 2317 1309 granulosa

206 1335 1007 1395 subarticulato-constricta
1045 1335 1684 1411 longitudinaliterque
1715 1333 1899 1390 divisa
1938 1334 2272 1389 constantia
2295 1376 2315 1406 ,

206 1436 433 1514 singula
458 1446 565 1493 aut
591 1435 771 1510 plura
806 1435 1121 1508 saepissime
1163 1445 1456 1508 quaterna
1494 1434 1651 1489 intra
1685 1433 2089 1507 perisporium
2125 1431 2320 1509 hyali-

202 1557 356 1594 num
384 1536 754 1592 laxissimum
782 1533 1054 1609 ejusdem
1081 1533 1290 1588 formae
1321 1531 1558 1588 sessilia.

285 1635 494 1691 Planta
552 1633 811 1689 maxime
866 1630 1205 1708 singularis,
1248 1630 1464 1687 habitu
1529 1631 1775 1687 omnino
1826 1635 1976 1687 Mes,
2029 1632 2323 1686 vermicu-

202 1733 355 1790 laris
394 1731 732 1799 adultioris,
775 1730 877 1787 sed
917 1739 975 1786 et
1015 1740 1322 1787 structura
1362 1740 1421 1787 et
1458 1731 1662 1786 fructu
1695 1729 1867 1805 longe
1901 1729 2148 1786 diversa.
2191 1726 2322 1785 Cel-

202 1832 341 1890 lulae
364 1852 467 1889 seu
495 1831 694 1906 potius
718 1828 819 1886 fila
851 1831 1356 1886 anastomosantia
1393 1829 1520 1884 laxa
1552 1829 1611 1884 in
1641 1829 1919 1885 interiore
1943 1825 2321 1905 Mesogloioe,

201 1936 267 1990 'in
298 1932 575 2008 praesenti
596 1929 1038 1997 desiderantur,
1067 1929 1257 1985 immo
1284 1929 1487 2005 potius
1516 1925 1741 1984 cellulae
1774 1946 1979 1984 versus
2010 1927 2146 1983 axin
2174 1926 2320 1982 den-

197 2032 389 2088 siores
427 2027 605 2085 fiunt.
654 2027 910 2084 Fructus
951 2047 1072 2083 non
1114 2025 1382 2102 ejusdem
1422 2036 1652 2083 naturae
1692 2045 1759 2081 ac
1796 2045 1985 2101 sporae
2019 2026 2102 2082 sic
2143 2025 2319 2082 dictae

199 2132 269 2186 *in
316 2127 634 2206 Mesogloia
678 2126 832 2183 mihi
881 2126 1192 2199 videntur3
1241 2126 1354 2182 illae
1405 2144 1549 2181 cum
1608 2127 1798 2203 Sporis
1842 2124 2319 2201 Dictyotearum,

205 2226 540 2306 propagula
567 2227 868 2304 praesentis
903 2246 1044 2284 cum
1064 2222 1395 2302 filamentis
1403 2222 1758 2303 fructiferis
1776 2224 2131 2281 earumdem
2157 2244 2321 2281 com·

199 2327 492 2406 parandae
507 2335 666 2384 sunt.
689 2324 843 2382 Hinc
857 2323 1382 2382 fructificationem
1405 2323 1710 2401 praesentis
1728 2323 1954 2401 generis
1971 2332 2039 2379 ut
2058 2322 2317 2381 alterum

208 2430 481 2486 fructum
506 2423 866 2504 ffilesogloiae
885 2423 1262 2481 considerare
1287 2424 1456 2481 initio
1481 2442 1818 2500 propensus
1842 2441 2028 2491 eram,
2055 2432 2133 2489 at,
2156 2432 2317 2479 stru-

210 2539 383 2585 ctura
409 2516 647 2608 quoque
666 2525 916 2594 diversa,
942 2524 1261 2600 proprium
1286 2543 1475 2600 genus
1502 2523 1704 2598 potius
1730 2522 2095 2578 constituere
2119 2521 2317 2578 credo:

207 2629 483 2686 fructum
516 2624 911 2682 nihilominus
943 2624 1201 2680 alterum
1240 2624 1301 2679 in
1344 2621 1662 2698 Mesogloia
1693 2622 1938 2678 existere
1972 2639 2144 2695 posse
2177 2622 2318 2677 satis

210 2736 281 2783 ut
319 2723 473 2796 mihi
501 2724 737 2781 videtur
772 2722 1057 2799 probans.

293 2823 604 2899 Morphosi
629 2817 1081 2879 filamentorum
1120 2819 1642 2891 moniliformium,
1677 2829 1735 2875 et
1759 2821 1820 2875 ni
1849 2818 2044 2890 fallor,
2073 2838 2143 2874 ex
2166 2818 2316 2875 arti-

215 2924 354 2980 culo
381 2941 664 2997 supremo
698 2921 1044 2978 formantur
1071 2917 1421 2994 propagula.
1456 2916 1698 2974 Materia
1723 2917 2039 2993 granulosa
2085 2918 2317 2973 interna

217 3022 432 3078 sensim
470 3021 533 3076 in
569 3039 791 3095 corpus
835 3018 1219 3074 lancoideum
1270 3015 1569 3086 coalescit,
1602 3016 1768 3090 quod
1818 3017 2084 3091 denique
2131 3011 2318 3084 3-[2ies

211 3119 963 3176 articulato—constrictum
990 3127 1048 3172 et
1084 3116 1467 3173 inferioribus
1490 3116 1762 3192 partibus
1778 3116 2094 3173 cruciatim
2120 3115 2318 3172 divisis

209 3227 485 3295 apparet.
515 3216 920 3292 Perisporium
944 3217 1236 3273 laxissime
1261 3215 1657 3292 propagalum
1678 3215 1954 3284 includit,
1981 3234 2168 3291 quam
2201 3214 2318 3271 hoc

216 3316 412 3393 rduplo
453 3315 657 3386 latius,
694 3316 815 3371 fere
858 3315 1264 3391 obpyriforme
1304 3328 1362 3370 et
1403 3314 1735 3391 hyalinum.
1771 3313 2106 3391 Propagula
2152 3332 2318 3371 nunc

216 3415 476 3492 singula,
500 3432 668 3471 nunc
691 3412 853 3481 bina,
876 3431 1026 3488 saepe
1052 3424 1346 3489 quaterna
1384 3417 1538 3472 intra
1578 3415 1738 3470 idem
1769 3417 2170 3491 perisporium
2207 3411 2319 3469 ob·-

227 3525 576 3586 servantur3
609 3511 899 3568 nonnulla
944 3513 1111 3587 apice
1163 3513 1371 3585 bifida,
1423 3513 1595 3589 quasi
1644 3514 1997 3572 divisionem
2042 3513 2315 3570 futuram

217 3612 564 3669 indicantia.
588 3611 988 3688 Perisporium
1024 3609 1200 3686 plura
1224 3610 1556 3691 propagula
1579 3613 1914 3687 continens,
1932 3610 2138 3687 rumpi
2160 3608 2318 3667 vide-

222 3719 350 3782 tur,
394 3710 619 3769 laciniis
664 3709 833 3786 rupti
875 3709 1105 3784 singula
1139 3705 1613 3772 involventibus?
